3004 4716
642 273 845 370 ..μ

152 499 348 562 quamquam
372 479 498 546 librarii
529 479 717 564 ignorantia
741 495 804 544 non
829 481 930 546 solum
954 481 1055 546 verba
1079 479 1210 564 saepius
1234 479 1337 546 defor-

149 586 252 651 mavit
274 586 332 651 sed
357 585 455 651 etiam
481 584 604 650 ordinis
628 585 749 650 turbati
773 583 953 669 praecipua
981 584 1081 650 fuisse
1105 604 1224 650 caussa
1248 585 1337 648 vide·

148 697 210 756 tur.
261 689 472 774 praecipuam
504 689 591 771 dico,
626 709 702 753 nam
730 689 814 754 duas
845 688 994 771 equidem
1030 690 1180 773 suspicor
1213 689 1337 773 dirupti

148 795 272 861 ordinis
305 793 338 858 in
369 795 531 880 excerptis
565 793 688 860 nostris
711 812 783 859 csse
811 813 947 859 caussas
977 813 1081 876 neque
1104 793 1261 860 Muellero
1285 813 1336 858 as·

147 899 288 981 sentior,
324 899 414 982 apud
448 919 541 981 quem
571 899 612 964 de
646 898 708 964 bac
737 918 771 963 rc
801 897 821 963 l.
849 918 876 962 o.
906 918 982 981 pag.
1015 898 1056 963 70
1090 897 1171 963 baec
1203 897 1335 964 invenio

150 1004 287 1088 scripta:
322 1004 420 1083 „darf
447 1003 499 1069 iob
530 1003 635 1070 meino
658 1003 813 1085 meinung
836 1002 921 1068 offen
949 1022 1063 1086 sagea,
1091 1022 1127 1066 so
1156 1002 1334 1068 entbehren

151 1108 198 1173 sie
228 1107 430 1190 vollstttndig
455 1108 551 1194 jedes
590 1107 752 1192 principa,
788 1107 852 1172 und
889 1106 942 1171 die
980 1105 1175 1189 unorduuug
1206 1107 1240 1170 in
1276 1106 1336 1172 der

150 1213 349 1296 reibenfolge
381 1212 471 1276 rdbrt
500 1212 628 1277 einfacb
652 1212 769 1294 daher,
802 1212 882 1276 dass
911 1211 965 1276 die
991 1211 1197 1293 reductorem,
1229 1209 1334 1275 denen

148 1317 219 1382 eine
249 1315 455 1381 bandscbrist
485 1317 542 1382 des
566 1316 676 1382 Tibull
707 1316 787 1381 oder
816 1315 1050 1398 audervveitige
1086 1320 1236 1398 excerpte
1264 1334 1336 1380 vor·

149 1422 269 1503 lagen,
303 1419 355 1486 die
391 1427 477 1486 erste
515 1421 846 1502 zusammenstellung
881 1419 1026 1503 beliebig
1063 1418 1164 1484 durch
1204 1426 1334 1503 spaltere

149 1525 302 1590 autbaten
332 1524 478 1608 gemebrt
508 1524 645 1591 baben.“
695 1545 735 1589 ea
765 1524 849 1591 enim
884 1543 935 1590 res
969 1543 1033 1605 qua
1066 1523 1170 1608 primo
1205 1523 1334 1606 quidem

153 1630 309 1714 adspectu
325 1629 423 1695 valde
443 1629 644 1713 offendimur,
668 1628 754 1713 quod
778 1630 861 1696 inter
876 1629 1052 1714 ampliores
1068 1627 1251 1704 sententias
1272 1628 1335 1693 sin·

112 1789 117 1798 .
151 1735 231 1818 gula
255 1736 355 1800 verba
371 1732 543 1800 interiecta
558 1735 749 1819 invenimus,
769 1755 834 1799 non
850 1734 931 1800 levis
949 1741 998 1799 est
1013 1734 1045 1798 ni
1061 1733 1157 1798 fallor
1171 1734 1336 1814 momenti,

148 1860 218 1903 oum
253 1838 330 1903 inde
362 1839 424 1904 boc
455 1838 539 1903 effici
573 1840 728 1923 arbitrer,
767 1839 957 1923 scriptorem
991 1837 1236 1920 Frisingensem
1271 1857 1334 1902 non

147 1945 312 2026 integrum
335 1942 456 2007 Tibulli
488 1963 604 2028 corpus
633 1944 738 2029 ipsum
769 1943 827 2008 sed
853 1949 1006 2027 excerpta
1034 1943 1101 2007 alia
1124 1943 1334 2025 compilasse:

147 2050 176 2114 is
201 2049 288 2114 euim
312 2047 365 2130 qui
395 2047 518 2132 primus
549 2048 631 2113 baec
653 2054 809 2131 excerpta
833 2047 1024 2133 composuit,
1056 2053 1187 2132 praeter
1210 2052 1336 2112 senten·

149 2153 215 2218 tias
246 2152 373 2234 singula
403 2151 500 2216 etiam
531 2153 632 2216 verba
663 2151 817 2218 ecodice
841 2151 1002 2235 enotavit,
1035 2151 1173 2232 sedita,
1205 2149 1335 2233 siquid

152 2255 262 2338 video,
293 2264 326 2321 ut
347 2253 548 2340 marginibus
577 2276 617 2322 ea
633 2258 860 2341 adscriberet,
884 2257 1024 2323 fortasse
1050 2264 1137 2322 totas
1160 2256 1194 2320 in
1217 2255 1335 2338 quibus

152 2361 252 2426 verba
287 2361 349 2427 ista
385 2363 515 2428 inerant
553 2362 733 2427 sententias
763 2367 880 2445 postea
910 2381 975 2426 una
1013 2381 1083 2426 cnm
1115 2359 1191 2424 aliis
1219 2359 1335 2425 similis

148 2467 332 2547 argumenti
373 2466 625 2550 compositurus,
667 2466 809 2530 fortasse
852 2465 950 2551 (quod
991 2463 1060 2530 veri
1099 2463 1237 2529 similius
1272 2464 1334 2547 est)

147 2569 383 2652 grammaticas
401 2577 457 2634 aut
473 2569 724 2653 glossematioas
741 2607 783 2618 -
800 2568 861 2634 buc
885 2568 1015 2651 quidem
1040 2574 1190 2652 spectare
1205 2567 1335 2632 videtur

147 2673 339 2758 compositio
356 2675 527 2740 verborum
550 2675 644 2757 ,colu,
668 2673 823 2756 stamina,
847 2673 918 2738 litia
942 2672 1026 2738 telis‘
1049 2678 1203 2738 —notas
1226 2671 1335 2737 adiec-

146 2782 252 2843 turus:
275 2778 474 2862 posteriores
491 2798 578 2861 vero,
601 2777 655 2860 qui
680 2777 862 2843 eruditione
886 2782 917 2842 et
941 2776 1080 2843 scientia
1103 2777 1203 2842 multo
1226 2775 1335 2840 rudio-

146 2903 198 2948 res
229 2889 263 2948 ut
292 2883 360 2949 iere
391 2883 490 2949 medii
521 2883 593 2949 aevi
625 2890 835 2967 excerptores
868 2904 932 2948 non
963 2880 1124 2947 curabant
1153 2880 1218 2946 nisi
1245 2881 1335 2946 locos

147 3007 332 3054 communes
363 2995 395 3054 et
418 2988 574 3072 morales,
603 2989 712 3072 ignari
742 2989 821 3071 quid
847 2989 897 3054 bis
920 2990 1007 3072 notis
1030 2988 1217 3054 laciendum
1239 2992 1334 3070 esset,

147 3092 278 3176 singula
301 3093 462 3158 vocabula
485 3095 654 3159 sententiis
677 3093 911 3162 inmiseebaut:
935 3101 968 3159 et
991 3094 1142 3175 quoniam
1167 3092 1335 3159 sententiis

146 3205 272 3262 tanturn
289 3199 386 3263 modo
410 3199 624 3282 excerpendis
649 3206 742 3264 erant
764 3199 889 3281 intenti,
917 3199 1048 3280 singula
1071 3198 1136 3264 ista
1159 3199 1260 3263 verba
1283 3217 1337 3262 ne·

148 3303 257 3385 glecto
282 3302 395 3368 ordine
419 3304 604 3386 plerumque
629 3303 722 3385 quasi
745 3304 777 3368 in
794 3324 912 3384 agmen
936 3310 1136 3386 congregata
1160 3303 1244 3368 inter
1266 3322 1336 3370 sen-

146 3408 267 3474 tentias
291 3408 510 3473 inculcabant.
548 3415 635 3474 certe
658 3408 690 3472 in
713 3407 887 3490 primitivis
910 3409 1075 3494 excerptis
1099 3409 1181 3474 baec
1204 3408 1336 3492 singula

146 3512 249 3577 verba
273 3533 338 3576 non
355 3512 470 3578 mediis
486 3511 632 3596 infuisse,
656 3513 714 3578 sed
731 3511 944 3579 intervenisse
962 3514 1208 3599 compilatorum
1229 3521 1336 3598 poste·

147 3617 269 3684 riorum
292 3618 388 3702 eulpa
405 3637 442 3682 co
459 3617 565 3700 magis
581 3624 616 3683 ut
632 3617 764 3682 credam
781 3616 937 3698 adducor,
962 3620 1049 3700 quod
1061 3619 1124 3683 illa
1147 3619 1174 3684 si
1192 3618 1337 3698 eieceris,

146 3723 215 3788 iere
230 3722 348 3787 eodem
364 3721 478 3786 ordine
495 3729 649 3804 excerpta
665 3721 893 3804 Frisingensia
909 3724 1099 3807 procedunt,
1123 3743 1184 3805 quo
1206 3721 1337 3788 codices

148 3825 272 3892 Tibulli
288 3832 320 3890 et
336 3832 445 3890 cetera
467 3831 631 3909 excerpta.
670 3826 713 3890 ad
738 3826 993 3891 confirmandum
1016 3824 1076 3891 hoe
1099 3825 1253 3890 iudicium
1271 3827 1336 3892 iarn

147 3931 196 3996 sio
220 3937 255 3994 ut
278 3950 298 3994 a
320 3930 424 4013 primo
447 3937 637 4013 excerptore
660 3930 849 4014 conscripta
865 3949 936 3996 esse
953 3929 1049 3994 credo
1074 3930 1132 3993 illa
1156 3949 1336 4014 proponere

146 4041 302 4118 excerpta
325 4037 431 4100 liceat.
