3004 4716
684 279 726 350 33

113 499 190 566 nibil
212 499 276 566 uisi
299 519 341 564 ex
365 495 481 564 eodem
506 496 594 562 fonte
616 503 753 580 utraque
776 496 910 564 fluxisse
933 495 1109 563 contendit
1125 493 1164 579 ²⁰)
1203 491 1296 561 Rich·

116 613 199 670 terus
222 611 330 669 autem
354 601 409 684 qui
426 599 632 667 Vincentium
656 621 721 666 non
745 606 902 684 excerpta
924 601 983 667 sed
1007 601 1153 667 codicem
1175 599 1298 667 Tibulli

105 711 139 773 in
163 709 315 773 manibus
339 705 497 772 habuisse
521 705 671 772 evincere
694 705 819 772 studuit
841 709 931 790 (pag.
945 705 1097 788 14-20),
1120 726 1185 771 non
1201 704 1299 771 video

106 811 186 894 quid
209 811 350 877 voluerit
382 810 446 874 nisi
479 808 556 889 hoc,
587 828 605 873 e
629 809 800 876 Vincentio
828 810 962 892 eclogas
985 809 1216 892 Scaligeranas
1239 807 1294 874 flu·

106 917 211 980 xisse.
256 914 347 980 cuius
370 920 479 978 tamen
505 933 594 977 error
616 914 797 978 sententiae
821 912 855 977 in
870 914 1043 998 propatulo
1065 919 1136 978 est:
1152 911 1302 995 Scaliger

108 1019 198 1083 enim
221 1017 249 1083 si
272 1016 489 1082 vincentiana
517 1016 550 1081 in
574 1016 724 1082 manibus
747 1015 932 1101 habuisset,
962 1035 1026 1098 quo
1057 1016 1153 1082 modo
1185 1035 1226 1080 ex
1249 1015 1301 1081 his

114 1121 242 1188 adferre
265 1121 381 1205 potnit,
405 1120 493 1203 quod
517 1141 583 1186 non
599 1119 761 1186 invenitur
776 1119 866 1206 apud
883 1120 1114 1190 vincentium?
1138 1139 1199 1203 ego
1222 1138 1299 1185 vero

114 1225 296 1307 quindecim
327 1223 440 1289 notavi
471 1223 617 1307 locosll)
642 1224 793 1306 quicum
824 1224 855 1288 in
880 1223 1105 1308 Scaligeranis
1135 1221 1300 1306 excerptis

112 1329 266 1395 insuerint
296 1328 372 1410 ipso
405 1334 485 1394 teste
518 1328 707 1412 scaligero,
741 1328 831 1412 apud
861 1327 1067 1395 Vincentium
1100 1328 1199 1413 plane
1236 1346 1300 1392 uon

117 1439 242 1499 extant.
290 1451 333 1494 an
360 1431 453 1514 plura
485 1432 665 1514 aliquando
688 1431 895 1497 Vincentium
925 1432 1078 1498 ecodioe
1102 1429 1223 1496 Tibulli
1245 1448 1300 1495 ex-

112 1536 279 1620 cerpsisse
301 1554 431 1618 quorum
455 1557 534 1620 pars
558 1536 602 1602 ad
626 1535 829 1618 scaligerum
852 1535 1053 1620 pervenerit,
1083 1536 1127 1601 ad
1152 1554 1211 1600 nos
1234 1554 1299 1599 uon

115 1639 302 1724 pervenerit
324 1646 443 1706 temere
469 1640 654 1723 fingemus?
688 1640 785 1706 immo
809 1641 894 1706 alias
917 1659 990 1706 csse
1013 1640 1175 1704 fateamur
1198 1638 1302 1704 Scali-

121 1743 191 1826 geri
223 1751 255 1808 et
288 1743 454 1810 Vincentii
489 1745 637 1826 eclogas:
673 1743 751 1809 illae
785 1749 939 1826 quantum
974 1763 992 1808 e
1026 1741 1301 1826 castigationibus

115 1847 215 1931 ipsius
238 1853 271 1912 et
286 1869 304 1914 e
319 1849 392 1915 Nic.
419 1847 546 1914 Heiusii
562 1848 648 1913 notis
664 1848 753 1931 apud
777 1846 1017 1913 Broukhusium
1033 1846 1072 1928 ⁷²)
1095 1865 1172 1931 pag.
1194 1845 1301 1910 442-
1348 1889 1353 1894 -

109 1952 171 2018 458
201 1952 418 2036 intellegitur,
459 1952 561 2018 multo
591 1958 685 2016 erant
715 1951 891 2036 ampliores
923 1970 1020 2031 quarn
1055 1949 1301 2032 Vincentianae,

109 2077 217 2138 neque
240 2077 260 2120 a
282 2063 374 2122 recta
396 2057 512 2139 opinor
536 2057 591 2120 via
623 2055 822 2138 declinabis,
852 2054 880 2120 si
913 2074 1045 2120 numero
1076 2054 1131 2120 vix
1161 2053 1301 2120 minores

116 2159 217 2222 luisse
235 2179 331 2240 quam
348 2159 468 2226 codicis
483 2159 514 2226 N
516 2160 774 2226 ostradamensis
792 2165 948 2242 excerpta
964 2157 1170 2239 indicaveris,
1194 2177 1303 2240 quarn·

114 2280 213 2343 quam
245 2263 326 2325 certi
357 2262 528 2345 quidquam
565 2264 665 2330 statui
698 2285 761 2330 non
791 2269 917 2348 potest,
954 2283 1026 2329 cum
1056 2261 1207 2344 Scaliger
1238 2281 1301 2327 non

114 2385 229 2432 omues
252 2365 434 2431 enotaverit
456 2376 679 2453 excerptorum
704 2369 882 2452 scripturas
905 2367 964 2434 sed
988 2386 1046 2432 eas
1070 2372 1196 2432 tautum
1220 2385 1304 2448 quae

110 2489 267 2536 maxume
299 2469 528 2552 discreparent.
573 2472 606 2538 in
639 2493 782 2555 summa,
812 2493 876 2538 uon
907 2472 969 2537 fnit
999 2471 1189 2536 Vincentius
1219 2469 1303 2535 eclo-

109 2595 228 2657 garum
252 2574 418 2657 Soaligeri
442 2583 561 2662 auctor,
584 2597 785 2643 communem
815 2586 922 2643 autem
948 2577 1114 2659 utriusque
1137 2573 1301 2657 excerptis

113 2685 279 2744 auctorem
306 2677 408 2744 fuisse
432 2680 583 2746 mirificus
607 2702 717 2747 eorum
741 2701 920 2748 consensus
943 2681 1095 2749 ostendit.
1151 2744 1156 2754 ,

218 2783 290 2848 Iam
309 2784 515 2851 Vincentium
533 2806 597 2850 non
621 2785 732 2851 codiee
748 2786 935 2851 Tibulliano
953 2787 1011 2852 sed
1028 2785 1192 2869 excerptis
1208 2802 1302 2849 usum

120 2903 192 2948 esse
210 2895 298 2951 certa
312 2889 440 2955 ratione
456 2889 605 2957 efficitur.
636 2889 787 2954 nimirum
800 2890 989 2957 Vincentius
1006 2897 1038 2957 et
1049 2891 1078 2958 N
1081 2889 1302 2956 ostradamen-

123 2986 179 3054 sia
190 2999 342 3074 excerpta
359 2993 507 3076 plurimis
520 2995 714 3060 lectionibus
727 3005 919 3080 congruunt,
932 3015 1020 3079 -quae
1033 3016 1096 3062 non
1109 2999 1247 3080 possunt
1258 2992 1303 3057 ad

120 3097 237 3175 poetae
256 3095 416 3176 ingenium
433 3097 556 3180 referri,
570 3117 610 3162 ne
626 3099 670 3164 ad
686 3098 1064 3181 inconstantem'quidcm
1078 3097 1131 3164 vel
1144 3097 1302 3160 incertam
1412 3141 1414 3146 -

121 3195 268 3260 codicum
283 3201 479 3283 memoriam,
496 3202 555 3268 sed
569 3205 756 3270 necessario
769 3205 812 3269 ad
829 3205 923 3269 unius
936 3222 1068 3287 operam
1085 3207 1118 3265 et
1134 3199 1303 3266 consilium

118 3302 318 3384 excerptoris
339 3305 530 3371 referendae
554 3314 644 3371 sunt:
669 3307 757 3372 velut
779 3312 867 3372 recte
891 3306 1012 3372 habent
1035 3305 1164 3371 codices
1187 3304 1249 3390 Ill,
1272 3304 1303 3388 5,

116 3405 157 3468 12
179 3425 251 3488 ,uec
282 3425 334 3471 cor
362 3409 543 3476 sollicitant
571 3411 659 3476 facta
687 3410 831 3476 nefanda
860 3411 992 3494 meum‘,
1024 3419 1197 3495 excerptor
1226 3430 1304 3477 vero

115 3513 150 3572 ut
172 3508 258 3589 quod
283 3511 324 3575 de
348 3531 413 3577 uno
442 3533 477 3578 se
500 3515 629 3581 dixerat
652 3523 750 3600 poeta
778 3517 823 3582 ad
846 3536 958 3583 omncs
982 3516 1082 3583 cadat
1110 3516 1158 3581 ita
1180 3521 1304 3581 textum

118 3612 298 3679 immutavit
321 3617 510 3694 ,sollicitant
532 3627 645 3703 pectus
674 3621 763 3688 facta
786 3621 933 3688 nefanda
956 3621 1066 3704 reum‘,
1098 3627 1130 3686 et
1160 3619 1188 3683 si
1209 3619 1304 3702 plura

116 3789 321 3802 ‚.---...—......

168 3907 198 3975 ²⁰)
216 3909 252 3964 cf.
271 3910 444 3968 Lachmanni
462 3915 551 3984 praef.
571 3918 607 3973 ad
625 3916 680 3972 Tib
710 3934 738 3988 p.
759 3917 810 3973 Vl.

167 3995 198 4061 ⁷¹)
218 3996 239 4062 1,
259 3997 285 4066 1,
303 4000 355 4054 25:
373 4001 396 4068 l,
416 4002 440 4068 1,
458 4003 506 4059 31;
533 4010 553 4072 l,
573 4006 596 4073 1,
615 4004 649 4058 48
668 4011 697 4060 et
714 4007 761 4060 49:
781 4005 803 4071 1,
823 4006 847 4070 1,
866 4007 915 4060 50:
945 4005 1151 4074 1,5,ur-62:
1173 4003 1195 4071 Ι,
1215 4007 1256 4076 10,
1276 4009 1305 4062 5:

216 4085 239 4152 1,
258 4086 302 4153 10,
320 4087 368 4143 37:
387 4089 409 4157 Ι,
429 4093 470 4160 10,
488 4092 536 4148 49:
555 4093 590 4160 ll,
608 4095 633 4163 3,
651 4095 700 4148 35:
721 4093 755 4159 II,
774 4093 799 4159 3,
818 4093 864 4148 38:
890 4092 924 4159 ΙΙ,
942 4093 968 4160 3,
986 4092 1035 4149 40:
1055 4093 1089 4160 ll,
1115 4092 1139 4157 3,
1158 4093 1261 4163 42211,
1280 4095 1306 4162 3,

216 4173 266 4226 47:
286 4173 322 4240 11,
341 4177 366 4243 6,
386 4175 502 4245 19:111,
522 4179 546 4245 3,
566 4179 608 4234 20.

166 4261 198 4328 Ἰ)
216 4261 246 4314 in
265 4262 380 4320 Tibullo
399 4265 478 4322 edito
497 4267 716 4324 Amstelaedami
737 4267 815 4325 1708.
1187 4339 1204 4392 3
