3004 4716
174 479 328 558 superant
359 509 397 522 -
422 494 497 540 nam
526 455 655 541 saeculo
684 475 854 543 undecimo
865 475 891 560 a)
923 481 1061 541 exarata
1091 473 1198 558 sunti)
1228 498 1361 545 —non

176 577 308 644 diversa
331 599 403 645 esse
433 600 454 644 a
477 579 700 649 Vincentiauis
723 587 757 646 ct
780 579 1003 664 Scaligeranis
1027 580 1254 668 suspicaretur,
1281 583 1361 648 mihi

175 683 303 766 quidem
328 704 345 751 e
371 685 484 768 paucis
504 683 648 750 Dissenii
672 685 757 750 notis
781 705 1007 770 persuaseram
1030 705 1095 751 non
1118 685 1253 751 eandem
1278 685 1360 752 haec

173 797 271 871 atquc
295 795 403 854 cetera
426 789 546 855 referre
569 789 739 872 originem,
771 789 945 872 quodiam
970 789 1185 856 certissimum
1207 789 1285 855 mihi
1309 799 1360 856 est

173 892 311 975 sactum,
346 900 519 978 postquam
548 893 765 978 apographon
795 892 876 958 illud
909 893 1047 977 inspexi.
1101 895 1146 959 uti
1183 894 1267 959 enim
1298 915 1356 977 pro

174 998 344 1082 explorato
372 996 502 1080 habeo‚·
522 1005 677 1082 excerpta
707 1005 830 1079 cetera,
866 996 906 1063 de
935 998 1050 1080 quibus
1079 997 1166 1064 infra
1197 999 1358 1082 copiosius

174 1102 406 1187 disputandum
423 1102 491 1185 erit,
516 1102 610 1168 unius
635 1103 728 1184 quasi
751 1101 890 1167 fluminis
914 1122 985 1167 esse
1008 1101 1097 1167 rivos
1122 1109 1220 1184 atque
1242 1102 1360 1185 fossas,

172 1206 219 1271 ita
242 1206 336 1272 huius
361 1206 456 1272 rivuli
473 1226 600 1272 cursum
623 1225 665 1272 ex
688 1207 775 1272 illius
798 1205 939 1271 fluminis
963 1206 1056 1271 alveo
1082 1205 1263 1271 derivatum
1288 1227 1360 1272 esse

171 1312 356 1395 praefracte
380 1331 475 1394 nego.
512 1331 588 1376 nam
604 1317 832 1395 praeterquam
852 1310 938 1392 quod
954 1309 1182 1392 Frisingensia
1205 1316 1359 1393 excerpta

172 1417 290 1482 multos
307 1415 585 1501 comprehendunt
601 1434 715 1480 versus
732 1434 811 1498 quos
836 1421 945 1480 cetera
966 1433 1030 1480 non
1054 1414 1209 1479 exhibent
1231 1422 1264 1482 et
1287 1417 1358 1481 vice

171 1543 277 1606 versa,
305 1520 483 1604 scripturae
507 1521 539 1585 in
564 1520 611 1585 eis
634 1520 715 1586 locis
739 1540 819 1602 quos
844 1526 982 1601 utraque
1004 1520 1164 1604 praebent
1187 1540 1262 1585 raro
1286 1539 1358 1586 con·

172 1627 327 1706 sentiunt,
351 1625 543 1709 saepissime
561 1624 759 1708 discrepant.
798 1623 887 1690 velut
910 1622 1101 1708 conspirant
1123 1629 1233 1687 cetera
1248 1623 1358 1688 omnia

171 1737 325 1815 excerpta
349 1729 407 1813 111,
431 1732 460 1810 6,
484 1727 613 1792 43-44
636 1728 668 1792 in
694 1728 778 1791 hauc
801 1728 993 1811 scripturam

583 1831 672 1915 ,felix
695 1833 877 1914 quicunque
902 1831 1014 1912 dolore

480 1938 613 2002 alterius
637 1925 745 2001 didicit
767 1955 866 2020 posse
890 1955 1006 2000 cavere
1029 1940 1141 2010 00000,ί

170 2003 243 2108 sold
266 2041 493 2124 Frisingensia
516 2041 637 2108 habent

581 2146 671 2226 ‚felix
694 2146 885 2228 quicumque
910 2143 1020 2210 dolore

480 2251 527 2315 alt
515 2252 615 2314 terius
638 2249 740 2314 disces
763 2267 860 2332 posse
884 2268 1000 2313 cavere
1023 2253 1091 2312 conf

171 2357 198 2422 si
227 2357 322 2441 plura
349 2354 399 2420 vis
431 2354 580 2438 exempla
603 2345 691 2432 οΙ.,Ι
716 2357 743 2434 Ι,
766 2353 801 2416 6;
833 2352 897 2434 Ι,Ι
903 2351 990 2434 34:
1014 2353 1039 2433 Ι,
1065 2356 1093 2434 Ι,
1116 2349 1174 2416 25ε
1199 2353 1223 2434 Ι,
1247 2351 1276 2435 5,
1301 2296 1356 2416 ΙΟε

171 2462 228 2542 ΙΙΙ,
251 2461 281 2545 3,
305 2460 361 2526 22:
386 2459 444 2540 ΙΙΙ,
468 2460 497 2540 6,
520 2458 571 2539 33,
594 2457 645 2538 35,
670 2457 719 2523 36.
727 2454 753 2538 4)
790 2475 873 2537 quae
893 2401 963 2519 dum
987 2453 1035 2519 rta
1051 2456 1125 2538 sint
1149 2476 1212 2519 uon
1229 2472 1354 2518 errasse

170 2564 358 2630 Muellerum
387 2562 524 2644 adparet
554 2581 594 2626 ne
623 2580 664 2636 ex
694 2559 808 2624 eodem
833 2557 962 2642 quidem
990 2558 1101 2622 codice
1125 2565 1260 2639 utraque
1283 2575 1355 2620 esse

172 2676 326 2751 excerpta
358 2664 614 2732 contendentem.
662 2670 802 2729 ceterum
826 2663 969 2728 dubitari
992 2682 1056 2726 nou
1079 2667 1195 2743 potest,
1227 2660 1303 2742 quin
1326 2659 1354 2723 is

171 2773 275 2838 cortex
291 2793 308 2837 e
327 2791 389 2853 quo
407 2759 632 2851 Frisingensia
656 2769 814 2850 originem
838 2768 962 2832 duxere
985 2771 1019 2828 ut
1042 2764 1283 2830 vetustissimus
1306 2765 1354 2830 ita

171 2883 319 2961 optumus
336 2882 367 2938 et
382 2861 665 2938 emendatissimus
689 2873 796 2956 fuerit,
819 2870 972 2953 quoniam
995 2869 1227 2951 Frisingenses
1254 2871 1355 2953 scrip·

170 2987 263 3045 turae
278 2981 464 3064 plerumque
485 2978 567 3041 alias
590 2996 701 3041 omrres
725 2974 967 3060 probabilitate
981 2986 1136 3057 superant
1160 2993 1263 3056 neque
1288 2974 1353 3038 ullo

172 3085 241 3150 loeo
266 3090 299 3148 ut
330 3082 473 3148 ostendit
496 3081 670 3146 Muellerus
694 3078 955 3162 interpolationis
980 3081 1137 3162 praebent
1157 3079 1354 3163 vestigium:

173 3311 334 3320 ..ἡ-...η-

233 3465 380 3536 ²)offendi
403 3465 557 3534 equidem'
550 3483 578 3520 rn
597 3466 727 3536 legendis
752 3465 892 3534 excerptis
917 3480 952 3519 ea
975 3481 1019 3532 re,
1039 3463 1115 3532 quod
1141 3459 1250 3516 notarii
1269 3458 1356 3527 scrip-

274 3561 339 3610 tura
357 3537 446 3622 hh:
464 3535 629 3621 mihis:
647 3552 714 3621 sibi,
734 3537 817 3606 dr:
837 3552 946 3618 modo),
971 3567 1052 3620 quam
1078 3551 1105 3604 in
1129 3547 1191 3602 aliis
1209 3546 1356 3602 codicibus

276 3657 364 3711 aeque
377 3641 510 3696 vestustis
523 3655 579 3695 uon
597 3637 767 3708 frequentari
787 3643 907 3708 constat,
927 3654 1003 3706 saep
1000 3653 1040 3692 us
1056 3633 1209 3704 reperitur:
1229 3637 1353 3689 attamen

274 3730 310 3784 de
329 3733 424 3784 aetate
443 3727 548 3782 codicis
568 3726 752 3782 dubitandum
772 3741 827 3780 non
845 3726 965 3782 videtur.

232 3818 253 3886 ³)
272 3818 307 3872 de
327 3816 426 3872 codice
452 3815 588 3870 nonnulla
605 3814 715 3870 rettulit
734 3813 785 3870 Ed.
805 3809 982 3869 Woelfflinns
1008 3812 1037 3865 in
1061 3809 1298 3865 commentatione
1319 3810 1354 3866 de

275 3902 397 3960 Publilio
417 3902 488 3974 Syro
508 3901 700 3970 mimographo
719 3903 746 3955 in
765 3900 909 3968 Philolog.
929 3898 1019 3964 XXII,
1039 3913 1105 3966 pag.
1125 3897 1275 3952 rer-lus.

232 3991 252 4058 ⁴)
272 3990 370 4046 eodem
389 3991 472 4046 modo
491 3988 575 4044 etiam
595 4005 656 4044 curn
676 3988 803 4044 codicum
828 3997 988 4042 nostrorum
1007 3983 1156 4052 scripturis
1175 4000 1255 4040 excc.
1269 3983 1354 4039 Friss.

276 4094 331 4132 non
347 4093 411 4131 raro
424 4075 586 4145 discrepare
608 4075 781 4143 observabis,
801 4075 878 4131 velut
897 4075 917 4130 Ι,
938 4076 963 4140 2,
985 4075 1016 4127 19
1035 4073 1098 4127 sola
1118 4071 1253 4140 praebent
1266 4071 1353 4126 Friss.

275 4163 362 4232 ,molli
373 4164 497 4234 derepere
508 4163 601 4233 lect0‘‚
621 4179 682 4220 cum
701 4162 765 4218 libri
784 4168 900 4218 teneant
918 4177 1014 4217 omnes
1028 4160 1113 4222 ,molli
1128 4159 1249 4216 :decedere
1262 4158 1355 4228 leoto‘,

275 4249 312 4308 cl.
330 4250 415 4306 etiam
434 4249 493 4319 1,1,
510 4250 555 4308 25.
