3004 4716
628 226 833 333 ...J-⁹..-

141 441 308 512 codicibus
336 440 528 508 Florentino
563 447 595 504 et
622 439 773 506 Parisino
801 461 853 508 no.
876 439 961 506 4450
984 458 1071 506 saec.
1094 437 1144 504 XI
1174 438 1321 508 exeuntis

138 549 190 614 vel
212 545 398 631 incipientis
414 543 708 627 Xll,pusulatum‘.
737 545 854 610 Festus
866 542 1099 627 grammaticus
1123 547 1181 608 aut
1211 541 1320 626 potius

136 656 308 734 excerptor
338 648 409 714 eius
439 647 562 712 Paulus
590 647 623 711 in
646 667 727 713 voce
757 646 868 731 ,hetta‘
897 645 1074 712 secundum
1105 644 1321 713 Lindemanni

135 750 268 819 codices
298 753 456 835 ,pusulae‘
484 749 585 818 dedit.
643 750 863 816 Tertullianus
880 749 918 834 rs)
955 749 996 815 de
1025 749 1112 816 cultu
1141 744 1218 816 fem.'
1237 749 1254 813 I
1262 800 1270 832 ,
1301 749 1321 813 6

134 855 303 941 ,pustulat‘
331 855 464 921 verbum
488 853 618 919 videtur
637 854 797 938 posuisse,
819 852 906 935 quod
929 852 1134 918 librariorum
1156 872 1265 918 errore
1287 851 1321 916 in

13 1049 14 1056 ἵ
137 959 304 1044 ‚postulat‘
327 959 415 1024 abiit.
439 957 480 1023 de
503 956 615 1022 Caelio
632 957 809 1022 Aureliano
832 958 937 1039 (Acut.
962 956 1022 1039 III,
1049 957 1087 1021 16
1110 964 1143 1021 et
1165 954 1265 1020 Tard.
1283 953 1321 1039 V,

144 1070 181 1146 l,
211 1060 315 1142 med.)
346 1061 424 1126 mibi
458 1061 539 1126 nihil
570 1067 707 1129 constat.
764 1060 1048 1144 grammaticorum
1079 1065 1111 1124 et
1139 1058 1321 1141 glossarum
1367 1122 1373 1131 ,

141 1186 253 1230 earnm
282 1184 366 1247 quas
401 1165 568 1230 consulere
602 1165 693 1248 potui
723 1166 931 1249 aLabbae0,
962 1163 1059 1248 Maio,
1083 1162 1321 1228 Hildebrandio

141 1269 301 1335 editarum
331 1267 523 1334 testimoniis
554 1267 699 1336 destituti
731 1287 858 1352 sumus,
894 1269 921 1334 si
950 1268 1081 1351 quidem
1113 1287 1175 1350 ego
1207 1267 1240 1331 in
1271 1266 1321 1332 his

141 1373 200 1440 boc
227 1371 423 1438 vocabulum
445 1392 508 1438 non
532 1373 670 1456 repperi.
714 1373 747 1438 in
775 1372 945 1455 Gangiano
977 1371 1107 1437 mediae
1137 1376 1169 1436 et
1191 1369 1321 1436 intimae

140 1474 318 1541 latinitatis
349 1475 508 1556 glossario
533 1495 574 1541 ex
596 1476 779 1543 Alexandri
802 1475 1058 1558 Iatrosophistae
1081 1474 1224 1557 passion.
1266 1473 1320 1538 lib.

141 1580 170 1644 Ι.
193 1578 236 1642 99
259 1578 473 1662 ,pustellosas‘
503 1587 535 1645 et
557 1600 597 1645 ex
619 1580 723 1646 Mario
747 1580 964 1647 Aventicense
985 1578 1137 1661 ‚pustula‘
1166 1577 1321 1658 adfertur,

145 1679 320 1764 Gregorius
336 1689 443 1748 antem
459 1683 659 1749 Turonensis
682 1684 716 1748 in
731 1683 877 1769 ,historia
893 1682 1102 1748 Francorum‘
1118 1688 1167 1746 ter
1183 1679 1235 1764 (V,
1259 1682 1320 1746 10:

144 1785 193 1869 Vl,
210 1787 251 1852 8:
276 1786 331 1871 Vl,
348 1786 403 1868 14)
427 1793 461 1852 et
477 1787 575 1852 semel
592 1787 626 1851 in
640 1786 714 1852 libri
736 1788 789 1869 ,dc
805 1786 911 1870 gloria
927 1783 1166 1851 Gonsessorum‘
1189 1803 1260 1868 cap.
1279 1783 1322 1848 24

134 1889 309 1974 ,pusulam‘
332 1889 479 1974 scripsit,
512 1891 596 1955 banc
619 1889 704 1955 enim
727 1888 863 1955 formam
886 1888 1027 1974 plurumi
1050 1887 1179 1954 codices
1202 1887 1322 1952 babere

134 1994 297 2076 dicuntur,
326 1995 462 2060 alteram
486 1993 657 2060 editiones.
703 1993 762 2060 sed
785 1994 872 2077 qnod
895 1992 1027 2059 additur
1054 1991 1141 2076 apud
1163 1991 1320 2075 Mignium

20 2131 24 2157 =.
135 2100 169 2182 tl.
193 2118 221 2161 c.
243 2119 276 2180 p.
300 2097 376 2180 325)
400 2098 571 2181 ,pustulas‘
598 2105 727 2182 proprie
758 2118 830 2164 esse
858 2104 999 2164 tumores
1022 2116 1080 2162 seu
1102 2095 1265 2162 vesiculas
1287 2097 1321 2161 in

19 2253 22 2289 ,
140 2208 224 2280 cute,
247 2201 400 2282 ,pusulas‘
429 2221 506 2267 vero
528 2201 632 2267 morbi
648 2221 751 2285 genus
774 2202 872 2284 volgo
888 2220 1026 2283 ,sacrum
1049 2199 1167 2284 ignem‘
1191 2199 1321 2285 dictum,

19 2299 24 2347 ³·
143 2310 175 2366 et
191 2302 340 2385 argutius
354 2303 459 2368 fictum
477 2311 600 2371 estnec
616 2305 774 2390 exemplis
790 2326 890 2390 supra
912 2305 1050 2391 prolatis
1074 2306 1322 2388 comprobatum

141 2425 203 2470 nec
229 2406 273 2471 ab
303 2406 375 2490 ipso
405 2407 528 2474 editore
558 2415 745 2476 constanter
771 2409 988 2474 observatum.
1033 2408 1130 2473 immo
1154 2414 1321 2491 utramque

139 2509 338 2594 scripturam
355 2511 425 2576 sine
443 2511 506 2577 ullo
528 2512 776 2596 significationis
799 2513 986 2580 discrimine
1003 2512 1079 2577 inde
1095 2513 1138 2578 ab
1154 2515 1323 2596 Angustea

138 2622 250 2680 aetate
283 2635 385 2698 usque
414 2615 457 2680 ad
488 2624 632 2684 extrema
661 2618 760 2684 medii
788 2619 862 2684 aevi
892 2625 1041 2702 tempora
1070 2619 1102 2681 in
1131 2637 1192 2683 usu
1222 2618 1323 2684 fnisse
1440 2682 1443 2689 .

140 2725 243 2804 patet,
266 2719 370 2803 primo
387 2727 494 2785 autern
510 2727 587 2806 post
602 2720 764 2787 Christum
780 2721 910 2788 saeculo
932 2741 1082 2787 maxume
1099 2721 1183 2787 hanc
1199 2722 1322 2788 mollio-

143 2841 208 2884 rem
233 2841 316 2904 quae
339 2824 373 2906 ,t‘
397 2833 596 2891 consonante
619 2841 717 2892 caret.
764 2825 903 2908 denique
925 2846 965 2891 ne
988 2825 1132 2892 recentia
1154 2826 1323 2892 desideres

144 2927 293 3008 exempla
333 2927 454 3010 ,Macer
488 2927 528 2993 de
565 2928 688 2996 herbis‘
720 2950 750 2994 a.
782 2930 880 3014 1394,
919 2929 1164 3015 ,Vocabularius
1205 2933 1322 2996 rernm‘

144 3049 174 3092 a.
199 3030 292 3112 1420,
314 3031 526 3113 ,Glossarium
550 3034 821 3101 serico-latinum‘
844 3056 874 3101 a.
899 3035 990 3117 1425,
1014 3033 1160 3118 ,Gemma
1175 3033 1323 3099 Gemma·
1352 3025 1356 3034 “

144 3133 224 3196 rum‘
257 3153 287 3198 a.
324 3137 509 3204 1512-15
529 3137 665 3204 formam
702 3141 752 3224 ,st‘
786 3141 904 3207 litteris
942 3139 1159 3223 perscriptam
1193 3137 1323 3220 habent,

145 3236 186 3300 H.
208 3236 298 3302 Junii
313 3240 562 3323 ,Nomenclator‘
578 3245 748 3329 (Antverps
774 3245 870 3327 1538)
891 3252 922 3308 et
937 3241 1083 3308 Kirschii
1098 3243 1323 3328 ,Cornucopia‘

15 3371 25 3407 Ι.
143 3339 304 3422 (Norimb.
329 3345 426 3428 1713)
448 3347 645 3430 ,pusula‘.²⁹)

246 3443 385 3530 Optume
400 3469 489 3529 vero,
513 3459 547 3518 ut
570 3452 614 3516 ad
630 3451 793 3518 Tibullum
810 3452 943 3518 tandem
966 3452 1149 3536 redeamus,
1172 3452 1322 3518 convenit

15 3550 28 3596 2¹
140 3549 362 3635 Frisingensis
397 3555 520 3620 codicis
558 3557 719 3640 scriptura
755 3557 910 3641 ,pussula‘
946 3578 1017 3624 cum
1054 3557 1085 3622 ei
1122 3557 1224 3623 aetati
1259 3575 1324 3637 qua

142 3656 278 3734 ,pusula‘
300 3656 502 3740 frequentari
532 3668 685 3745 coeperat
708 3681 788 3746 prae
810 3662 962 3746 ,pustula‘
988 3668 1054 3728 tum
1077 3661 1185 3726 versui
1208 3666 1324 3745 poetae

139 3883 345 3897 -————n—

199 4021 231 4090 ²⁸)
249 4021 415 4078 Tertulliani
435 4039 523 4094 opera
542 4025 635 4081 omnia
652 4041 708 4081 reo.
726 4025 824 4081 Franc.
843 4025 951 4093 Oehlar,
970 4024 1085 4095 Lipsiae
1105 4024 1183 4082 1854.

194 4108 226 4176 ²⁹)
246 4107 282 4164 cf.
302 4109 476 4168 Glossarium
500 4110 607 4169 latino·
618 4113 808 4181 germanicum
832 4111 939 4168 mediae
963 4121 995 4168 et
1013 4111 1122 4169 infimae
1142 4113 1253 4180 aetatis,
1279 4110 1324 4168 cd.

243 4197 277 4254 L.
295 4197 472 4254 Diesenbach
491 4199 683 4266 (Francofurti
701 4216 726 4256 u.
746 4200 782 4255 ΙΙ.
802 4199 881 4267 1857)
900 4214 966 4268 pag.
983 4199 1044 4255 474.

1172 4305 1205 4360 2*
