3004 4716
740 240 783 312 53

661 335 865 346 *nnn—nunc—

678 456 704 540 I,
728 458 778 539 10,
801 456 853 521 40.

274 558 416 644 Egregie
432 565 588 644 excerpta
602 559 765 626 Vincentii
780 567 812 625 ct
823 560 853 626 N
855 558 1116 630 ostradamensia
1127 555 1234 644 ,quam
1249 557 1357 641 potius
1395 551 1397 565 '

169 663 357 730 laudandus
380 663 433 730 hie
455 671 513 749 est,
546 683 640 747 quem
663 665 756 750 prole
777 671 896 748 parata
923 665 1035 731 occulit
1063 665 1095 730 in
1127 683 1232 748 parva
1260 661 1357 746 pigra

168 775 302 835 senecta
325 772 423 853 easa‘,
451 789 521 834 cum
544 769 674 843 codices
704 770 910 835 consentiant
939 770 972 834 in
994 771 1164 854 ,oocupat‘.
1208 787 1283 832 nam
1307 785 1358 830 oc·

168 873 275 939 culere
298 873 433 938 verbum
456 874 587 958 proprie
611 880 661 940 est
685 873 921 955 Tibullianum,
956 873 1043 956 quod
1065 871 1185 957 legitur
1212 873 1238 955 Ι,
1261 873 1291 954 2,
1315 869 1355 934 37

166 977 206 1058 ,si
229 976 302 1059 quis
325 983 357 1042 et
379 977 567 1061 imprudens
585 977 751 1061 aspexerit
776 977 903 1044 occulat
925 978 1001 1062 ille‘,
1025 982 1057 1042 et
1080 977 1105 1060 1,
1122 977 1151 1062 7,
1173 975 1216 1040 24
1231 975 1356 1060 ‚quibus

166 1081 199 1145 in
230 1079 326 1146 terris
360 1081 539 1147 occuluisse
562 1084 686 1167 caput‘,
721 1089 755 1147 et
783 1082 880 1147 tertio
915 1083 985 1148 loeo
1020 1102 1124 1166 nuper
1157 1079 1356 1146 restitutum:

167 1203 296 1250 versum
321 1185 405 1250 cuim
428 1185 513 1250 iuter
536 1185 623 1251 viros
648 1185 762 1252 doctos
786 1186 999 1252 multifariam
1028 1187 1190 1270 agitatum
1212 1185 1238 1266 I,
1261 1185 1291 1265 6,
1314 1183 1356 1247 42

166 1287 297 1354 codices
327 1289 411 1354 male
448 1296 570 1356 sartum
598 1290 645 1354 sic
674 1291 829 1356 exhibent
862 1297 937 1376 ,stet
967 1291 1081 1376 procul
1110 1297 1167 1356 aut
1198 1287 1264 1354 alia
1292 1293 1358 1353 stet

167 1393 278 1477 procul
310 1400 386 1458 ante
421 1395 495 1459 via‘.
540 1395 763 1478 praetermitto
802 1395 1057 1460 innumerabilia
1090 1387 1207 1476 qdibus
1238 1411 1357 1457 sanare

167 1496 229 1562 loci
269 1497 412 1562 morbum
448 1497 641 1583 interpretes
683 1500 837 1566 studuere
869 1498 1108 1583 medicamina,
1149 1518 1223 1562 nam
1259 1496 1356 1561 Statii

167 1619 296 1682 quoque
321 1601 544 1689 ‚coniecturam
574 1609 649 1686 ,stet
679 1603 793 1688 procul
829 1609 921 1685 ante,
954 1602 1020 1668 alia
1050 1609 1115 1668 stet
1143 1602 1257 1688 prooul
1280 1607 1356 1666 aute

166 1703 230 1768 via‘
254 1705 398 1789 Hauptio
421 1707 604 1790 probatam,
633 1709 720 1790 quod
744 1708 1022 1774 vehementiorem
1046 1705 1153 1772 adfert
1176 1704 1356 1789 emphasim

166 1808 307 1875 minume
330 1810 505 1876 convenire
528 1812 644 1878 sedato
668 1811 715 1877 illi
738 1811 961 1878 atmoderate
995 1811 1134 1878 sermoni
1158 1811 1272 1878 elucet.
1316 1828 1355 1886 eo

167 1913 320 1980 libentius
343 1915 456 2000 accepi
486 1937 507 1980 a
528 1915 726 1982 Buechelero
758 1917 961 2001 propositam
993 1915 1255 1982 emendationem
1282 1917 1356 1992 ,stet

166 2020 278 2100 procul
302 2027 359 2085 aut
381 2020 448 2085 alia
472 2040 506 2084 se
530 2022 658 2086 occulat
681 2029 757 2088 ante
781 2022 856 2102 via‘,
879 2022 982 2087 etiam
1000 2021 1182 2086 litterarum
1207 2017 1357 2084 similitu-

164 2121 239 2186 dine
263 2123 439 2189 admodum
456 2124 727 2192 commendatam.
764 2127 903 2193 fortasse
928 2147 987 2211 pro
1011 2126 1090 2208 ,aut‘
1105 2122 1353 2209 praeferendum

161 2229 295 2310 ,atque‘,
326 2229 412 2311 quod
446 2229 477 2293 in
508 2228 620 2294 Puocii
652 2231 935 2300 emendationibus
965 2230 1105 2296 inveniri
1128 2227 1355 2294 Lachmannus

166 2337 361 2400 auctorest.
406 2333 465 2399 sed
497 2340 532 2398 ut
560 2334 732 2401 redeamus
764 2337 807 2400 ad
839 2335 999 2401 decimam
1031 2335 1187 2417 elegiam,
1217 2319 1356 2416 ,occulit‘

165 2455 228 2499 vox
251 2435 425 2520 imaginem
449 2459 535 2503 nova
559 2439 669 2522 specie
692 2446 786 2505 ornat
815 2439 987 2522 redditque
1010 2439 1201 2506 uiuidiorem
1225 2442 1260 2501 ut
1282 2455 1354 2519 pro·
1419 2469 1421 2476 ι

117 2563 121 2573 ⁴
165 2541 214 2604 cul
237 2559 258 2604 a
280 2541 377 2607 turba
401 2542 549 2625 belloque
572 2553 713 2610 remotus
738 2547 880 2628 fingatur
903 2544 1042 2610 rusticus
1066 2561 1176 2608 senex.

358 2644 361 2650 ’
670 2648 694 2733 1,
720 2651 769 2732 10,
791 2650 845 2715 49.

267 2747 404 2815 Codices
420 2770 511 2833 ,pace
535 2750 650 2817 bidens
674 2773 848 2835 vomerque
863 2752 999 2835 vigent‘,
1023 2755 1179 2834 excerpta
1194 2747 1354 2832 Scaligcri

163 2851 297 2917 Heinsio
333 2861 415 2919 teste
452 2875 517 2920 non
547 2861 581 2921 ut
616 2858 704 2940 apud
733 2856 920 2923 Richtcrum
966 2857 1083 2922 mendo
1115 2853 1353 2940 typographico

162 2957 279 3040 legitur
302 2958 408 3042 ,vites‘
439 2959 497 3024 sed
528 2960 631 3042 ,nitet‘
655 2961 826 3043 exhibent,
857 2962 944 3027 unde
967 2961 1114 3045 Guyetus
1145 2959 1266 3043 primus
1296 2958 1352 3040 ,ni-

164 3063 244 3126 tent‘
267 3061 471 3129 scribendum
487 3084 560 3130 esse
577 3064 669 3131 vidit.
708 3067 854 3132 codicum
877 3066 1049 3132 lectionem
1076 3064 1175 3131 etiam
1198 3063 1352 3128 hocloco

162 3165 355 3232 deteriorem
378 3187 450 3232 esse
474 3189 573 3250 quam
593 3177 819 3254 excerptorum
843 3171 942 3236 evicit
964 3169 1135 3234 Richterus
1151 3187 1227 3251 pag.
1251 3167 1293 3232 65
1309 3187 1352 3240 ss,

163 3270 215 3335 cui
239 3270 368 3338 omnino
391 3272 562 3338 assentior.

548 3414 550 3424 ·
675 3379 847 3461 11,1,13.

265 3481 301 3546 In
320 3480 488 3547 codicibus
506 3489 556 3548 est
579 3483 727 3550 omnibus
741 3502 834 3569 ,pura
857 3504 928 3551 oum
943 3491 1023 3550 ceste
1045 3485 1172 3565 venite‘,
1196 3491 1352 3569 excerpta

161 3585 313 3651 Parisina
343 3607 404 3669 pro
438 3587 548 3671 ,veste‘
579 3588 739 3672 praebent
774 3590 916 3672 ,mente‘,
949 3609 1047 3672 quam
1076 3587 1247 3655 lectionem
1275 3587 1350 3654 ideo

163 3689 323 3774 potiorem
353 3689 476 3775 habeo,
505 3690 591 3786 qpod
622 3693 855 3760 antecedentia
884 3695 987 3760 verba
1014 3700 1118 3777 ,casta
1146 3694 1278 3777 placent
1301 3713 1351 3758 su-

157 3795 261 3875 peris‘
283 3793 374 3878 prius
398 3795 442 3860 ad
475 3795 576 3860 animi
600 3817 696 3878 quam
729 3797 773 3862 ad
805 3798 949 3881 corporis
979 3797 1127 3862 habitum
1155 3797 1267 3862 referri
1290 3817 1351 3880 par

158 3905 238 3964 erat.
283 3917 388 3981 neque
416 3899 657 3982 probabilitatis
688 3903 797 3986 specie
826 3899 941 3968 'carere
971 3902 1145 3984 concedes,
1182 3901 1210 3967 si
1239 3902 1351 3982 ,veste‘

159 4023 200 4068 ex
224 4002 450 4068 antecedentis
474 4004 601 4086 elegiae
622 4024 721 4071 versu
744 4006 785 4070 27
809 4004 906 4087 ,hane
922 4026 1005 4089 pura
1021 4026 1092 4071 cum
1108 4011 1199 4071 veste
1221 4008 1350 4088 sequar‘

160 4106 221 4172 huc
254 4107 431 4191 inrepsisse
466 4107 589 4174 dixero.
637 4109 735 4174 etiam
771 4109 926 4175 Heinsius
960 4110 1002 4174 ad
1033 4109 1179 4175 Petronii
1212 4116 1273 4176 sat.
1306 4108 1349 4172 44

166 4208 222 4274 ubi
256 4211 356 4294 ,puris
390 4209 563 4276 mentibus‘
587 4212 708 4295 legitur
741 4213 773 4280 in
808 4233 842 4278 re
877 4213 995 4297 simili,
1030 4214 1255 4282 eTibulliano
1289 4210 1350 4276 hoc
