3004 4716
685 1111 763 1210 ΙΙ.

135 1409 223 1508 Dc
275 1415 580 1508 ceterorum
628 1412 1008 1536 excerptorum
1053 1403 1311 1526 tontibuS,

422 1596 764 1726 cognatione,
802 1594 1026 1696 virtute.

233 1941 346 2006 (lodex
371 1937 680 2024 Nostradamcnsis,
711 1958 805 2022 quern
835 1938 1046 2022 Florilegium
1077 1958 1204 2022 quoquc
1225 1938 1315 2003 Pari·

127 2043 237 2109 sinum
266 2049 404 2125 vocant,
435 2063 595 2109 consensu
625 2043 765 2108 virorum
795 2043 827 2107 in
849 2041 1049 2108 bibliotheca
1071 2043 1223 2108 ParIsina
1246 2061 1314 2107 vcr-

7 2137 9 2244 j
136 2154 278 2210 satorum
307 2146 512 2229 Quichesati,
549 2146 744 2228 Guessardi,
778 2146 814 2214 L.
843 2145 987 2232 Delislii,
1020 2147 1097 2212 Ern.
1127 2146 1313 2212 Michelauti

6 2247 9 2312 ff
133 2255 289 2314 exaratus
326 2249 419 2314 initio
452 2251 574 2316 saeculi
604 2251 686 2316 XIII
720 2251 778 2337 (ot.
811 2251 972 2334 Philolog.
1001 2251 1097 2316 XVII
1132 2271 1207 2334 pag.
1237 2249 1314 2330 342)

6 2349 8 2370 '
133 2352 278 2418 eontinet
310 2353 447 2418 selectos
477 2354 630 2420 flosculos
661 2355 807 2438 poeticos
840 2362 896 2420 aut
929 2355 1153 2438 proverbiales
1187 2375 1205 2419 e
1236 2352 1313 2419 Pru·

130 2457 256 2539 dantia,
281 2455 473 2542 Claudiano,
494 2458 621 2543 Ouidio,
644 2459 791 2542 Horatio,
820 2458 978 2540 quenali,
1010 2458 1132 2542 Persio,
1159 2457 1313 2540 Martiali,

127 2562 295 2642 Petronio,
328 2560 466 2644 Vergilii
488 2562 596 2644 culice,
619 2568 771 2645 poemate
798 2562 839 2628 de
861 2562 958 2628 laude
984 2561 1124 2644 Pisonis,
1148 2561 1312 2644 Terentio,

130 2663 238 2730 Plauti
264 2665 438 2730 Aulularia
466 2672 498 2731 et
529 2666 613 2731 inter
639 2667 805 2735 Ovidiana
834 2685 892 2750 per
920 2667 1115 2752 paginarum
1147 2667 1312 2732 columnas

132 2786 212 2849 quas
235 2768 350 2835 dicunt
372 2775 494 2851 septem
512 2788 530 2833 e
548 2769 688 2852 Tibullo,
712 2775 881 2852 praeterea
896 2768 1138 2853 philosophicos
1154 2789 1172 2835 e
1188 2769 1313 2836 Seneca

135 2878 168 2934 et
192 2870 355 2938 Ciceronis
379 2872 596 2955 deamicitia,
620 2873 662 2938 de
685 2879 860 2956 senectute,
892 2874 1087 2939 Tusculanis
1119 2873 1312 2956 disputatio·

134 2975 239 3056 nibuS,
271 2976 448 3042 rhetoricos
477 2977 711 3061 grammaticos
742 2977 893 3044 metricos
924 2999 942 3044 e
973 2977 1098 3061 Gellio,
1133 2977 1311 3059 Macrobio,

134 3077 286 3161 Sidonio,
315 3079 527 3166 Cassiodoro,
559 3081 731 3148 historicos
760 3082 899 3166 denique
922 3103 940 3149 e
962 3083 1115 3162 Caesare,
1146 3081 1312 3164 Sallustio,

142 3181 305 3248 Suetonio.
358 3185 616 3252 Tibullianorum
652 3193 876 3270 excerptorum
918 3186 1069 3268 quoniam
1110 3184 1312 3252 Woelfflinus

6 3345 8 3350 ,
132 3291 259 3350 tantum
293 3286 516 3372 discrepantes
550 3291 592 3355 ab
625 3291 767 3356 editione
801 3289 1048 3356 Rossbachiana
1085 3289 1176 3373 (anni
1215 3289 1311 3371 1856)

130 3390 312 3474 scripturas
339 3392 520 3475 publicavit
550 3414 611 3477 ego
643 3394 695 3460 hic
724 3394 853 3476 integra
883 3398 1038 3476 excerpta
1066 3391 1313 3477 perscribamffl)

131 3513 196 3576 quo
226 3493 355 3560 facilius
386 3497 428 3561 ab
458 3497 605 3564 omnibns
637 3504 869 3582 cognoscatur,
904 3505 1103 3582 quantopere
1135 3517 1155 3562 a
1186 3495 1313 3581 volgari

138 3598 283 3665 codicum
307 3601 464 3667 memoria
487 3600 658 3668 discedant
666 3599 705 3683 ³¹)

180 3893 212 3961 ³⁰)
231 3908 328 3950 versus
351 3909 369 3950 a
392 3892 543 3950 Vincentio
576 3909 687 3966 quoque
724 3900 874 3966 excerptos
898 3893 1032 3952 asterisco
1057 3892 1222 3964 praeposito
1249 3892 1315 3948 iusi·

232 3981 326 4050 gnici:
345 3983 509 4051 postposito
523 3983 620 4038 notavi
652 3981 786 4040 asterisco
805 3998 876 4052 quos
893 3981 1022 4050 Scaliger
1039 3979 1180 4049 excerptis
1198 3981 1255 4037 suls
1273 3980 1313 4037 in·

139 4053 144 4064 ’
233 4066 321 4124 luisse
339 4075 484 4125 memorat.

186 4155 218 4222 ³¹)
235 4170 310 4224 quas
334 4157 489 4226 scripturae
517 4174 578 4214 oum
602 4147 747 4215 codicibus
775 4158 934 4226 discrepant
956 4149 1207 4228 lltterir‘obliquis
1226 4156 1312 4227 signi-

234 4241 337 4300 ficatae
356 4248 431 4301 sunt.
