3004 4716
723 259 767 327 43

646 354 850 366 t—-u—-u-n-

149 473 211 539 illc
235 472 268 538 in
293 473 512 540 testimouium
535 482 708 559 practerea
730 474 879 542 citaverit
902 474 945 540 ad
962 473 1018 555 IV,
1041 475 1071 558 2,
1093 473 1135 539 23
1158 481 1190 540 et
1212 473 1268 558 IV,
1294 473 1342 557 13,

154 579 207 645 18.
253 598 356 661 neque
379 585 550 664 repugnat,
575 578 660 660 quod
684 578 959 646 Notradamensia
984 587 1139 662 excerpta
1171 601 1234 645 uon
1257 579 1343 645 ultra

152 685 392 769 panegyricum
422 683 612 769 procedunt.
664 683 699 748 id
730 684 815 749 enim
855 689 912 750 aut
941 684 1152 766 neglegentia
1182 682 1342 748 accidisse

152 787 251 853 oredo
274 794 331 854 aut
354 788 419 856 alio
443 808 523 855 casu
550 789 665 855 codem
697 810 760 872 quo
791 789 982 854 Vincentius
1012 788 1110 873 plane
1141 787 1285 854 omiserit
1308 785 1343 851 li-

153 893 248 957 brum
272 899 432 975 quartum.
478 913 592 977 nempe
615 891 700 958 hunc
723 893 922 977 scriptorem,
951 893 1094 974 quinon
1117 893 1191 976 plus
1214 897 1344 976 scptua·

153 996 247 1078 ginta
275 1003 432 1088 quattuor.
455 1015 568 1063 versus
601 996 732 1079 rettulit,
764 1016 835 1061 cum
862 996 1155 1063 Nostradamensia
1190 1003 1345 1079 excerpta

155 1101 312 1166 ducentos
342 1098 409 1165 lere
432 1098 607 1183 sexaginta
630 1100 827 1183 praebcant,
859 1100 933 1184 ipsa
956 1100 1158 1185 excerpsisse
1188 1104 1343 1182 excerpta

157 1204 189 1271 in
213 1210 327 1287 aperto
351 1210 410 1270 cst.

260 1307 485 1374 Adsummam
510 1315 664 1392 excerpta
688 1329 792 1391 neque
807 1309 990 1375 manifestis
1015 1308 1133 1375 veteris
1151 1307 1341 1374 correctoris

153 1413 462 1496 interpolationibus
486 1413 622 1496 gravius
639 1420 696 1478 aut
720 1413 932 1497 perniciosius
954 1434 1051 1496 quam
1075 1415 1189 1499 plenos
1212 1411 1342 1478 codices

153 1516 276 1581 furtiva
307 1515 461 1600 deinceps
494 1517 703 1582 scribentium
735 1516 974 1599 legentiumque
1004 1517 1150 1583 lubidine
1179 1537 1252 1583 esse
1288 1515 1342 1580 de-

155 1627 308 1705 pravata,
340 1640 445 1702 neque
469 1641 486 1685 e
513 1619 681 1685 decurtato
710 1621 889 1706 archetypo
921 1620 1054 1688 fluxisse
1085 1621 1240 1687 Muellero
1269 1639 1341 1685 con·

156 1725 319 1792 cesserim.

257 1829 364 1912 Igitur
385 1829 469 1893 hanc
504 1849 600 1893 unam
630 1829 717 1894 viam
748 1829 782 1894 in
821 1828 1033 1896 diiudicanda
1067 1831 1181 1896 harum
1210 1848 1338 1912 excerp·

154 1936 278 2001 tionum
294 1935 357 2001 fide
374 1932 623 2017 ingrediendam
640 1952 714 1999 esse
731 1953 856 2016 censeo,
878 1940 913 2000 ut
928 1935 1128 2018 inquirentes
1144 1935 1178 2000 in
1194 1934 1341 2018 singulas

157 2037 337 2122 scripturae
362 2037 603 2121 discrepantias
626 2038 842 2122 exploremus,
866 2039 894 2103 si
927 2038 1010 2105 sorte
1032 2041 1174 2124 genuina
1203 2046 1235 2105 et
1257 2058 1342 2122 quae

161 2141 380 2206 Tibullianum
414 2143 555 2208 colorem
590 2161 670 2227 prae
702 2163 737 2208 se
773 2142 881 2208 ferant
919 2163 960 2208 ex
996 2144 1063 2209 illis
1093 2143 1221 2230 possint
1258 2141 1341 2209 elici.

162 2243 274 2324 qualia
296 2244 323 2308 si
347 2247 500 2312 nonnulla
523 2246 556 2311 iu
581 2248 837 2330 corruptelarum
861 2241 1145 2333 colluric⁰extant
1175 2248 1270 2331 idque
1294 2246 1341 2311 ita

159 2367 231 2412 esse
254 2368 359 2430 neque
380 2371 400 2414 a
421 2351 577 2417 Muellero
600 2351 698 2435 plane
723 2359 860 2434 negatur
883 2357 921 2436 et¹
937 2352 1011 2417 aliis
1034 2354 1183 2437 elucebit,
1207 2371 1340 2419 necesse

157 2459 208 2518 est
232 2459 267 2518 ut
291 2460 513 2537 excerptorum
537 2456 765 2521 auctoritatem
790 2455 946 2521 siminus
976 2457 1175 2541 superiorem
1199 2477 1280 2537 esse,
1305 2463 1340 2521 at

155 2565 267 2623 tamen
303 2576 369 2621 non
399 2557 583 2625 inferiorem
618 2560 786 2625 codicibus
817 2561 1019 2627 arbitremur.
1069 2583 1143 2626 nam
1174 2569 1210 2626 ut
1245 2563 1339 2645 plura

156 2663 278 2728 sintin
303 2663 466 2747 excerptis
490 2671 655 2748 corrupta,
677 2663 833 2730 minorem
858 2685 879 2729 a
901 2670 1063 2732 vetustate
1087 2662 1338 2730 commendatio-

159 2788 231 2832 nem
254 2767 378 2832 babent
401 2768 541 2834 codices.
