3004 4716
739 261 782 330 48

169 491 225 538 ars
255 471 283 538 si
313 470 418 537 minus
447 472 545 556 plane
575 473 801 540 reformidavit
832 495 904 540 eam
935 475 1129 559 pentametri
1158 484 1358 545 structuram

168 581 204 640 at
234 582 319 641 emte
342 575 509 642 rarissime
538 581 591 662 (ex
614 579 718 644 Ponto
742 579 767 660 Ι,
793 584 820 663 1,
844 580 903 645 66:
929 581 987 663 ΙΙΙ,
1010 580 1040 662 5,
1068 581 1127 646 40:
1157 583 1216 665 ΙΙΙ,
1240 585 1270 666 6,
1295 584 1355 650 46:

169 680 223 760 IV,
246 679 275 762 9,
298 679 355 743 26:
379 680 511 746 Heroid.
535 682 622 763 xlv,
647 682 704 766 62)
729 681 888 749 adhibuit.
935 684 1100 751 Ouidiana
1123 706 1201 751 vero
1225 685 1258 750 in
1280 705 1353 752 ver·

172 783 261 848 sibus
284 784 470 867 pangendis
493 784 615 867 placita
631 786 786 867 qnoniam
809 807 875 853 non
890 786 995 853 solum
1019 790 1220 870 posteriores
1236 798 1350 875 poetas

168 885 227 950 sed
249 885 348 962 ctiam
374 886 471 952 medii
495 887 569 954 aevi
592 890 826 970 grammaticos
850 890 932 956 satis
957 891 1132 974 diligenter
1156 894 1348 960 observasse

168 988 360 1055 confirmant
383 990 445 1055 uiri
469 991 502 1056 in
525 991 586 1056 hac
610 992 791 1058 studiorum
815 1001 908 1078 parte
933 995 1067 1061 multum
1089 998 1260 1081 versatim)
1289 999 1353 1066 lac-

169 1100 237 1158 tum
261 1113 333 1160 esse
358 1114 422 1160 non
446 1078 636 1162 mirabimur
666 1103 701 1161 ut
732 1097 831 1162 etiam
864 1106 1035 1182 excerptor
1058 1101 1180 1168 Tibulli
1206 1122 1269 1185 quo
1293 1102 1354 1168 ele·

167 1197 301 1280 gentius
332 1197 469 1264 fluerent
499 1199 640 1283 numeri,
674 1200 823 1266 versibus
859 1201 892 1266 in
923 1204 1118 1270 vocabulum
1147 1205 1355 1290 trisyllabum

168 1302 363 1373 exeuntibus
388 1302 473 1369 alios
497 1303 695 1371 Ouidianam
725 1326 805 1389 prae
829 1325 864 1371 se
888 1305 1028 1372 ferentes
1052 1316 1155 1375 artem
1178 1311 1353 1377 substitue·

168 1413 227 1471 ret.
280 1407 326 1472 ita
357 1406 478 1488 legitur
507 1407 540 1473 in
572 1410 735 1495 excerptis
766 1413 795 1493 Ι,
827 1412 860 1495 1,
889 1409 932 1476 50
968 1411 1039 1493 ‚qui
1070 1413 1167 1479 maris
1207 1420 1239 1480 et
1270 1414 1354 1481 coeli

167 1510 280 1577 nubila
302 1508 387 1577 ferne
409 1515 527 1595 potest‘
550 1534 608 1596 pro
632 1513 696 1597 ,qui
719 1514 818 1580 maris
850 1521 881 1580 et
904 1514 1014 1579 tristes
1046 1513 1129 1578 serre
1151 1523 1259 1599 potest
1281 1519 1352 1603 plu—

170 1615 260 1699 vias‘,
284 1616 309 1699 Ι,
332 1616 362 1699 5,
387 1617 427 1680 62
442 1616 574 1701 ‚primus
600 1625 631 1682 et
654 1617 785 1683 induro
810 1617 919 1683 limine
943 1617 1024 1682 fixus
1048 1616 1118 1682 erit‘
1140 1639 1200 1703 pro
1216 1621 1350 1705 ‚primus

169 1728 201 1785 et
224 1719 258 1785 in
281 1725 392 1786 tenero
416 1720 499 1786 fixus
523 1721 583 1785 erit
606 1720 726 1804 latere,
756 1721 797 1801 ΙΙ,
826 1725 850 1803 l,
875 1723 894 1785 8
917 1721 1027 1803 ,plena
1050 1729 1206 1788 coronato
1229 1726 1351 1791 vertice

169 1830 257 1890 stare
280 1799 394 1889 boves‘
416 1843 476 1907 pro
500 1824 609 1907 ,plena
632 1830 788 1890 coronato
811 1829 899 1888 stare
913 1824 1013 1890 boves
1038 1824 1165 1909 capite,
1189 1826 1230 1907 ΙΙ,
1253 1826 1350 1919 3,.40

168 1946 250 2009 ,eum
267 1927 381 1993 tribuit
404 1927 525 1993 dubiae
548 1927 667 1993 bellica
689 1933 795 1994 rostra
818 1926 890 1994 rati‘
913 1947 970 2012 pro
998 1928 1127 2009 ‚bellica
1149 1947 1218 1992 cum
1240 1926 1347 1992 dubiis

169 2036 276 2096 rostra
299 2030 391 2096 dedit
414 2031 562 2114 ratibus‚‘
588 2033 631 2116 ll,
655 2033 684 2113 6,
707 2033 751 2097 20
773 2051 860 2116 ‚spes
884 2032 972 2097 sovet
995 2037 1027 2096 et
1049 2032 1162 2097 melius
1186 2051 1257 2096 cras
1279 2030 1346 2096 fore

171 2153 300 2215 semper
324 2135 382 2199 ait‘
404 2156 464 2218 pro
487 2155 572 2219 ,spes
595 2136 683 2202 fovet
705 2142 738 2202 et
760 2137 828 2202 sore
852 2155 924 2201 eras
949 2155 1075 2220 semper
1099 2135 1145 2200 ait
1167 2135 1299 2202 melius!

271 2238 428 2306 Omnibus
443 2239 544 2322 igitur
570 2239 620 2306 his
643 2240 723 2306 loeis
739 2240 889 2307 codicum
914 2239 1095 2323 scripturae
1117 2237 1350 2322 praeferendae

169 2347 243 2408 sunt
273 2341 444 2426 excerptis.
495 2343 561 2408 iam
591 2344 736 2427 reliquas
766 2345 922 2429 deinceps
951 2353 1201 2428 percenseamus
1234 2343 1353 2409 disere·

167 2445 309 2529 pantias,
341 2465 425 2528 quae
457 2467 494 2512 co
524 2449 709 2514 accuratius
739 2448 981 2514 examinandae
1013 2455 1096 2531 sunt,
1127 2447 1213 2530 quod
1247 2447 1286 2512 de
1309 2447 1356 2510 in-

84 2539 87 2548 ⁴
168 2546 295 2614 dustria
317 2569 458 2615 novasse
483 2557 707 2634 excerptorem
731 2551 812 2617 nihil
836 2558 888 2618 est
911 2572 967 2617 eur
990 2558 1184 2618 statuamus.

683 2654 709 2738 1,
734 2657 763 2740 1,
789 2655 840 2718 29.

273 2758 363 2823 Libri
392 2758 552 2842 praebent
575 2757 747 2841 ‚bidentes‘
784 2764 919 2843 excepta
943 2755 1112 2839 Regiensi,
1144 2759 1177 2821 in
1209 2777 1274 2841 qna
1304 2765 1355 2826 est
1484 2741 1485 2778 ³

168 2862 354 2946 ‚bidentem‘
373 2862 497 2944 pariter
520 2868 618 2943 atque
640 2863 674 2928 in
696 2861 859 2946 excerptis
875 2860 1219 2927 Nostradamensibus.
1265 2863 1353 2946 quod

170 2967 340 3034 Dissenius
355 2968 380 3049 Ι,
403 2988 434 3049 p.
459 2971 591 3030 dunum
616 2966 779 3032 bidentem
802 2955 866 3030 non
880 2963 991 3045 plures
1015 2964 1108 3032 simul
1129 2972 1239 3033 tenere
1254 2987 1352 3052 posse

168 3078 298 3155 poetam
328 3071 468 3136 adnotat
497 3069 646 3153 argutius
677 3075 743 3151 est,
778 3087 882 3149 neque
912 3067 998 3134 enim
1030 3070 1117 3136 idem
1150 3072 1287 3138 offendit
1318 3070 1351 3136 in

169 3177 381 3242 antecedente
403 3176 512 3260 ‚rivos‘
540 3174 710 3257 vocabulo,
740 3193 937 3256 quamquam
966 3195 1006 3240 ne
1037 3175 1080 3241 ad
1104 3175 1193 3242 rivos
1223 3175 1352 3258 quidem

169 3281 263 3348 simul
286 3282 395 3364 plures
417 3289 548 3366 poetam
571 3281 774 3364 requiescere
788 3299 887 3365 posse
903 3281 1017 3346 elucet.
1055 3278 1082 3345 si
1105 3279 1206 3362 igitur
1232 3279 1353 3346 omissa
1477 3334 1482 3343 .

170 3385 315 3451 codicum
339 3386 464 3452 ratione
498 3385 616 3452 certius
647 3383 725 3472 quid
755 3383 927 3467 explorare
953 3384 1118 3467 volumus,
1149 3400 1351 3448 numerorum

170 3489 398 3572 adgrediemur
421 3510 513 3555 usum
536 3489 756 3555 Tibullianum
780 3496 880 3572 atque
907 3508 983 3553 num
1015 3487 1146 3572 saepius
1168 3490 1265 3568 poeta
1287 3479 1350 3546 sin-

169 3593 315 3678 gularem
338 3593 544 3677 usurpaverit
572 3614 631 3676 pro
653 3593 775 3676 plurali
798 3599 830 3659 et
854 3593 925 3659 vice
951 3614 1047 3660 versa
1069 3587 1350 3669 investigabimus.

168 3700 330 3784 permulta
359 3700 443 3764 enim
471 3703 544 3763 sunt
574 3698 752 3779 voeabula,
784 3717 868 3779 quae
902 3698 998 3764 modo
1020 3691 1140 3778 plurali
1168 3691 1264 3757 modo
1286 3690 1350 3757 sin-

170 3803 278 3886 gulari
307 3802 453 3867 Tibullus
478 3799 684 3883 expresserit,
708 3800 798 3864 velut
821 3800 863 3881 ΙΙ,
895 3805 923 3884 Ι,
946 3801 989 3865 50
1011 3796 1185 3880 ,compleat
1206 3802 1242 3862 ut
1264 3797 1351 3863 dulei

170 3907 285 3972 sedula
308 3905 396 3971 melle
423 3905 543 3988 favos,
567 3910 602 3968 at
625 3904 649 3986 Ι,
672 3903 702 3986 3,
730 3901 772 3968 45
795 3903 897 3986 ,ipsae
920 3903 1013 3968 mella
1036 3899 1161 3966 dabant
1192 3904 1351 3984 quercus‘,

205 4237 237 4308 ⁸¹)
256 4236 292 4293 cl.
311 4237 341 4292 1..
362 4235 485 4294 Mueller.
521 4237 538 4292 l.
559 4251 582 4291 c.
601 4251 630 4306 p.
651 4235 693 4292 72·
