3004 4716
718 177 784 292 41'

149 459 203 508 ere
229 457 294 505 non
326 443 379 503 est
408 435 552 502 difficile.
605 455 678 501 nam
716 435 803 518 quod
832 432 1062 500 Lachmannus
1091 431 1335 518 typothetarum

149 545 264 612 mendo
289 542 485 626 scripturam
509 539 631 625 ,veniat
662 540 786 624 gravis‘
809 539 842 604 in
873 539 1048 605 editionem
1071 537 1336 603 Patissonianam

145 649 327 735 inrepsisse
343 645 496 730 opinatus
513 653 572 730 est,
596 644 710 712 eadem
731 645 893 728 scriptura
908 644 942 708 in
965 649 1056 709 textu
1079 643 1258 725 eademque
1273 641 1338 705 elo-

146 755 236 821 cutio
249 753 283 818 in
300 751 569 817 adnotationibus
585 749 741 816 editionis
758 749 892 814 alterius
908 747 1142 830 Scaligeranae
1158 750 1212 828 (ex
1223 745 1338 811 biblio·

145 859 235 944 polio
260 855 515 922 Commeliniano
539 875 567 919 a.
594 853 691 938 1600)
716 853 889 937 reperitur,
920 873 1014 936 quom
1044 852 1164 918 librum
1196 857 1337 934 ,auctum

147 969 182 1028 et
204 959 409 1042 recognitum
430 959 562 1044 abipso
585 957 729 1025 auctore‘
745 957 857 1024 titulus
873 957 1042 1041 profitetur
1052 954 1101 1036 Π).
1146 956 1337 1022 Muellerum

154 1070 260 1132 antem
278 1063 364 1147 quod
382 1063 543 1146 Scaligeri
560 1063 641 1129 illud
657 1062 700 1146 ,in
718 1061 803 1128 omni
815 1067 926 1127 vetere
942 1060 1116 1145 scriptura‘
1135 1060 1276 1126 minume
1292 1060 1336 1126 ad

152 1171 321 1236 obrussam
338 1187 410 1234 esse
427 1167 623 1250 exigendum
639 1169 695 1249 ait,
723 1187 763 1231 ex
779 1165 861 1250 ipsis
880 1165 1162 1249 Castigationihus
1178 1163 1337 1230 refutabis

153 1275 180 1341 si
198 1275 315 1340 librum
332 1272 421 1337 illum
439 1272 650 1356 persolveris.
686 1269 803 1336 etenim
820 1269 969 1354 Scaliger
983 1277 1156 1354 postquam
1173 1269 1265 1336 initio
1278 1268 1338 1360 Ga-

150 1378 363 1462 stigationum
380 1384 511 1459 praeter
526 1377 682 1442 Italorum
700 1373 840 1456 codices,
858 1373 913 1458 qui
930 1395 1040 1442 omnes
1057 1375 1268 1442 recentiorem
1290 1392 1338 1438 re·

151 1483 260 1548 ierant
275 1481 442 1564 originem,
467 1501 564 1563 quam
580 1487 616 1546 nt
636 1479 719 1545 inter
741 1484 887 1545 vetustos
905 1479 1004 1544 libros
1021 1480 1182 1546 recenseri
1200 1478 1337 1564 possint,

155 1587 220 1651 tria
233 1585 295 1650 sihi
306 1585 506 1669 exemplaria
522 1585 555 1649 in
571 1583 721 1650 manibus
734 1583 835 1649 fuisse
850 1585 1011 1669 exposuit,
1028 1583 1174 1650 codicem
1189 1583 1338 1650 Gniacia·

159 1709 233 1754 num
249 1687 416 1774 integrum,
441 1687 496 1770 qui
512 1693 727 1754 correctorum
743 1688 924 1752 temeritate
939 1695 972 1754 et
988 1689 1058 1772 ipse
1074 1689 1211 1756 vitiatus
1227 1695 1338 1754 tamen

155 1793 313 1878 quaedam
336 1791 511 1861 vetustatis
538 1792 707 1858 retinuerit
729 1792 880 1877 vestigia,
904 1792 1023 1858 deinde
1048 1801 1204 1878 excerpta
1226 1811 1340 1878 perve-

151 1905 255 1981 tusta,
280 1899 420 1982 denique
443 1897 660 1981 fragmentum
688 1895 898 1963 Cuiacianum
929 1898 1156 1982 ,peroptimum
1187 1903 1219 1963 et
1242 1915 1338 1978 quam

148 2003 471 2086 emendatissimum‘,
493 2002 592 2067 etiam
615 2000 649 2065 in
672 2000 799 2084 reliqua
815 2002 923 2084 operis
943 2006 1037 2084 parte
1060 2002 1092 2066 in
1111 1999 1337 2068 discernendis

151 2107 292 2171 vetustis
313 2105 406 2171 libris
429 2113 462 2172 et
483 2105 717 2172 recentioribus
742 2110 834 2170 tanta
857 2093 957 2170 u'titur
980 2105 1163 2189 diligentia,
1195 2112 1230 2172 ut
1251 2106 1339 2172 nullo

157 2209 230 2273 loco
261 2207 403 2278 incuriae
433 2210 650 2294 suspicionem
681 2217 820 2276 moveat.
864 2211 959 2276 varia
989 2209 1119 2290 quidem
1155 2231 1227 2275 eum
1251 2228 1341 2274 usur·

155 2332 256 2398 passe
279 2313 473 2379 numina'ad
498 2313 645 2381 subsidia
674 2334 733 2380 sua
757 2313 872 2380 critica
902 2313 1121 2397 significanda
1152 2334 1217 2380 nen
1244 2333 1340 2396 nego,

153 2417 217 2484 sed
244 2416 356 2481 omnia
371 2417 535 2511 eiusmodi,
558 2424 592 2483 ut
609 2417 798 2501 diligentius
821 2417 1018 2502 perquirenti
1035 2417 1197 2484 dubitatio
1221 2417 1341 2483 existat

147 2541 317 2604 nusquam
342 2527 478 2605 excepto
499 2523 639 2588 fortasse
662 2542 725 2588 uno
749 2524 820 2588 loco
846 2523 902 2606 (ad
926 2524 981 2607 lV,
1008 2524 1035 2606 1,
1061 2522 1120 2587 157
1144 2523 1189 2606 ,in
1213 2522 1340 2588 duobus

259 2819 432 2888 wenigstens
454 2819 505 2874 mit
528 2817 658 2886 einigem¹
675 2820 783 2886 grunde
807 2819 834 2872 in
859 2836 885 2873 v.
904 2819 920 2872 2
944 2819 997 2873 das
1015 2816 1148 2886 neugniss
1173 2818 1224 2873 der
1242 2816 1341 2873 beaten

262 2903 304 2958 hs.
322 2906 365 2960 als
388 2905 433 2960 die
452 2906 537 2961 allein
557 2905 666 2974 gilltige
684 2905 823 2960 tradition
837 2905 976 2975 vorlegen
994 2905 1111 2970 konnte,
1130 2904 1258 2960 ohschon
1277 2920 1339 2958 man

263 2989 432 3060 hentzntage
464 2994 514 3046 mit
541 2991 621 3047 recht
654 2990 782 3047 iihnlichc
816 2991 1032 3061 flhchtiglreiten
1065 2997 1209 3060 verphnen
1236 2992 1341 3046 wiirdc.

257 3078 331 3133 doch
353 3077 431 3134 halte
458 3078 503 3134 ich
529 3095 560 3134 es
590 3080 635 3134 shr
660 3079 814 3150 probabler
838 3080 999 3136 Lachmann
1023 3077 1249 3147 heinustimmen,
1274 3078 1342 3132 dasz

260 3165 386 3234 Scaliger
403 3165 464 3221 sich
484 3166 683 3223 verschriehen
708 3167 774 3236 hat,
799 3183 858 3222 was
877 3184 921 3222 um
945 3182 978 3220 so
1001 3164 1122 3220 leiohtcr
1145 3167 1195 3220 der
1213 3164 1262 3218 sall
1280 3165 1340 3219 sein

264 3251 379 3320 bonate,
399 3253 436 3308 da
453 3254 548 3308 veniat
567 3253 663 3323 gravis
681 3254 771 3308 sowol
790 3268 889 3321 wegen
908 3253 959 3306 des
971 3250 1224 3319 vorhergehenden
1243 3249 1341 3314 libeat,

262 3339 337 3410 velit,
360 3339 403 3394 als
421 3355 520 3408 wegen
548 3341 599 3397 des
618 3339 874 3409 abgeschmackten
893 3339 1009 3407 grandis
1033 3338 1083 3393 der
1103 3338 1223 3408 uulgata
1241 3335 1342 3393 durch·

257 3441 307 3481 ans
336 3427 502 3496 notwendig
530 3429 582 3498 ist,
609 3429 679 3484 auch
708 3427 787 3482 nicht
820 3426 920 3482 einmal
947 3426 998 3480 das
1033 3423 1170 3480 hritische
1198 3423 1341 3494 ingenium

260 3509 338 3568 eines
356 3513 486 3582 Scaliger
504 3515 575 3570 daun
593 3513 695 3585 gehbrt
714 3532 760 3570 urn
778 3514 840 3569 dies
859 3529 892 3568 nu
910 3511 1013 3579 finden,
1038 3513 1161 3568 sondern
1179 3527 1243 3565 man
1264 3509 1342 3564 diese

256 3600 417 3668 hessernng
434 3600 524 3656 sehon
543 3602 631 3657 einem
656 3601 794 3668 variator,
818 3601 969 3670 beaiiglich
995 3600 1185 3670 interpolator
1208 3599 1258 3653 des
1281 3596 1341 3650 mit·

255 3686 383 3742 telaltcrs
403 3694 539 3744 nutraucn
558 3689 644 3744 dars.“

359 3775 480 3842 [interim
499 3781 649 3846 postquam
672 3776 720 3832 diu
745 3776 800 3831 hoo
826 3777 926 3844 scripsi
950 3777 978 3828 in
998 3789 1094 3829 manus
1119 3771 1248 3841 pervenit
1266 3787 1343 3826 meas

256 3861 288 3915 O.
308 3861 343 3916 Μ.
362 3860 522 3918 Franckeni
546 3863 746 3919 commentatio
773 3863 817 3933 (os.
844 3863 1020 3918 Fleckeiseni
1043 3861 1158 3916 annales
1182 3859 1250 3914 1869
1274 3864 1342 3914 tom·

256 3947 290 4002 99
310 3963 378 4016 pag.
397 3949 547 4015 acu-208)
566 3965 622 4017 qua
646 3965 680 4004 ex
700 3949 788 4018 ipsius
807 3950 945 4018 Scaligeri
970 3948 1127 4016 exemplari
1150 3952 1297 4002 asservato
1316 3948 1344 4002 in

258 4033 435 4090 bibliotheca
467 4035 660 4091 universitatis
692 4035 847 4107 Leydensis
879 4035 1016 4104 probatur
1050 4037 1128 4090 certe
1163 4033 1343 4090 Cuiaoianum

259 4127 384 4178 veterem
409 4138 439 4176 re
457 4138 524 4177 vera
542 4122 705 4190 praebuisse
726 4122 830 4189 ,veniat
849 4121 953 4191 gravis‘
973 4120 1158 4190 (lv,1‚9e)]

216 4205 247 4274 ¹¹)
266 4206 303 4264 cf.
322 4210 407 4264 etiam
427 4209 455 4263 J.
477 4209 612 4280 Bernaysi
630 4203 690 4264 Jos‘.
709 4209 809 4264 Justus
827 4207 954 4276 Scaliger
976 4206 1083 4277 (Berlin
1102 4209 1180 4274 1855)
1198 4223 1265 4276 pag.
1283 4207 1343 4266 279.
