3004 4716
239 1483 443 1586 Publioavit
473 1539 574 1602 nuper
605 1519 638 1583 in
668 1519 839 1604 Philologo
871 1522 915 1602 (a.
941 1520 1040 1600 1868,
1065 1517 1209 1602 XXVII,
1242 1537 1318 1602 pag.

139 1635 318 1717 run-157)
343 1631 516 1696 Eduardus
541 1630 743 1697 WoelfflInus
775 1639 931 1715 excerpta
953 1630 1144 1696 Tibulliana
1167 1651 1184 1696 e
1208 1630 1320 1695 codice

137 1738 284 1804 Parisino
308 1736 559 1821 ‚Notre-Dame
595 1737 666 1802 188‘
696 1735 818 1802 saeculi
845 1735 944 1820 XIII,
975 1755 1059 1817 quae
1090 1741 1200 1800 aetate
1221 1741 1322 1800 ¹vetu-

136 1845 239 1908 stiora
261 1860 358 1924 quam
387 1839 515 1905 codices
538 1839 640 1904 nostri
668 1859 779 1904 omnes
803 1839 836 1904 in
860 1846 951 1904 textu
974 1845 1093 1922 poetae
1118 1837 1321 1904 restituendo

135 1948 266 2012 anullo
297 1943 373 2010 dum
402 1943 551 2008 adhibita
580 1950 664 2009 sunt.
709 1964 780 2008 oum
809 1943 859 2009 vir
886 1943 1000 2009 doctus
1024 1943 1080 2008 ille
1103 1963 1167 2008 non
1191 1963 1323 2008 accura-

135 2053 200 2116 tius
230 2051 313 2114 haeo
344 2055 498 2132 excerpta
529 2047 780 2131 examinaverit,
815 2047 886 2131 ipse
915 2068 980 2113 non
1010 2048 1146 2130 ignarus
1179 2054 1321 2129 quantae

137 2154 288 2218 utilitatis
317 2153 456 2235 diligens
487 2171 595 2218 eorum
627 2150 812 2234 disquisitio
850 2151 883 2216 in
924 2151 999 2216 crisi
1030 2151 1219 2217 Tibulliana
1250 2172 1323 2218 esse

141 2263 263 2342 posset,
286 2276 324 2321 eo
346 2255 498 2322 libentius
522 2254 582 2319 hoo
609 2275 724 2321 munus
756 2255 985 2339 adgrediemur,
1010 2275 1073 2338 quo
1101 2255 1323 2322 vehementius

142 2359 336 2426 suavissima
350 2359 471 2425 Tibulli
490 2359 637 2424 carmina
653 2365 700 2424 tot
722 2359 811 2425 vitiis
833 2359 1005 2442 inquinata
1028 2359 1136 2425 iacere
1160 2360 1322 2426 dolebam.

139 2485 210 2530 cum
234 2485 310 2530 vero
332 2463 555 2545 intellegerem
581 2469 701 2528 certum
726 2462 881 2528 iudicium
913 2462 954 2527 de
978 2463 1091 2528 horum
1114 2462 1322 2530 flosculorum

138 2569 282 2634 bonitate
299 2573 331 2634 et
353 2567 418 2632 tide
440 2567 509 2633 fieri
531 2587 596 2630 non
618 2587 717 2650 posse
740 2567 805 2633 nisi
828 2567 979 2652 omnium,
1005 2587 1089 2652 quae
1112 2568 1243 2650 quidem
1266 2568 1324 2634 ad·

138 2674 200 2738 huo
215 2679 292 2738 nota
308 2678 392 2756 sunt,
416 2677 639 2756 excerptorum
656 2671 782 2736 ratione
802 2672 925 2757 habita,
949 2692 1014 2737 non
1039 2673 1143 2738 solum
1158 2672 1323 2740 Vincentii

138 2775 382 2843 Bellovacensis
412 2782 445 2840 et
474 2775 636 2858 scaligeri
666 2777 798 2858 eclogas
830 2776 889 2841 sed
920 2776 1018 2842 etiam
1049 2777 1172 2844 codicis
1202 2777 1325 2842 Frisiu-

139 2881 248 2964 gensis
267 2888 421 2965 excerpta
437 2880 635 2961 'libulliana
659 2899 794 2961 quorum
817 2879 1091 2963 inspiciendorum
1107 2871 1343 2948 Buechelerus'

140 2985 263 3068 copiam
297 2984 375 3049 mihi
404 2983 526 3050 fecerat
561 2983 860 3068 exoptatissimam,
898 2984 1074 3068 diligenter
1108 2985 1325 3052 excutiebam.

138 3089 166 3154 is
197 3089 281 3154 enim
311 3107 436 3153 summa
465 3108 544 3170 erga
572 3107 622 3152 me
653 3087 882 3153 benevolentia
912 3107 983 3153 oum
1014 3087 1049 3153 in
1081 3089 1156 3154 aliis
1186 3089 1324 3155 consilio

139 3213 197 3259 suo
228 3213 280 3258 me
309 3191 436 3256 adiuvit
466 3198 533 3257 tum
564 3193 606 3258 ab
630 3191 751 3257 Halmii
778 3213 807 3257 v.
831 3191 878 3258 ill.
902 3192 1100 3258 liberalitate
1130 3193 1325 3276 impetravit,

137 3304 173 3364 ut
203 3297 236 3362 in
269 3317 360 3362 meas
389 3317 503 3362 manus
534 3297 720 3380 perveniret
749 3296 878 3362 illorum
911 3295 1034 3361 Tibulli
1069 3296 1325 3381 fragmentorum

138 3400 354 3485 apographon
369 3400 490 3466 sactum
507 3401 629 3473 alluil.
652 3400 794 3485 Meyero,
819 3399 871 3465 oui
893 3406 929 3465 ut
951 3402 1094 3484 gratIam
1117 3401 1211 3467 huius
1228 3398 1326 3467 ostioli

138 3505 317 3586 aliquando
340 3505 462 3570 referre
478 3505 602 3590 possim
625 3525 744 3588 magno
762 3523 859 3589 opere
881 3511 968 3589 opto,
992 3513 1025 3571 et
1049 3505 1180 3588 quidem
1203 3503 1325 3570 Halmii

140 3608 408 3675 iudicio'sactum
439 3609 694 3674 accuratissIme.
738 3615 772 3674 et
801 3610 953 3690 quoniam
989 3609 1071 3674 haec
1107 3610 1274 3694 excerptio
1307 3629 1327 3673 a

141 3715 226 3780 nullo
243 3720 340 3780 antea
356 3733 462 3797 neque
485 3714 576 3779 edita
599 3732 703 3794 neque
727 3713 809 3779 satis
832 3713 996 3780 illustrata
1019 3719 1100 3798 erat,
1125 3719 1157 3779 et
1181 3711 1327 3778 editurus

139 3839 226 3884 eram
241 3819 405 3902 integram
421 3825 453 3884 et
469 3817 510 3884 de
531 3817 735 3902 praestantia
759 3817 826 3883 eius
850 3837 890 3882 ac
913 3815 977 3883 fide
1000 3835 1106 3882 meam
1130 3817 1327 3882 sententiam

138 3923 343 4005 explicabam
375 3932 408 3989 et
436 3922 583 4006 singulas
614 3920 728 3986 deince
756 3943 770 3987 s
804 3922 982 4007 scripturas
1005 3921 1246 3988 illustrabam«
1269 3921 1328 3986 sed

138 4033 276 4093 exeunte
304 4047 391 4092 anno
422 4025 600 4112 praeterito
632 4045 704 4090 cum
728 3943 955 4092 dissertationi
978 4025 1055 4090 hnic
1078 4025 1174 4091 linem
1197 4025 1329 4110 imposi-

136 4137 228 4196 turus
251 4151 356 4216 eram,
388 4132 428 4197 de
451 4130 698 4214 Frisigensibus
721 4129 885 4214 excerptis
909 4129 1108 4196 Tibullienis
1132 4137 1328 4195 commenta·

23 4231 24 4240 ’
135 4235 258 4302 tionem
288 4236 423 4302 Luciani
446 4236 592 4302 Muelleri
622 4236 683 4302 sub
711 4235 802 4320 prelo
826 4235 951 4300 versari
971 4236 1135 4320 comperi,
1168 4253 1233 4315 qua
1256 4253 1327 4317 por·

1177 4357 1189 4410 l
