3004 4716
749 257 790 328 38

668 351 870 360 om«

180 466 264 535 enim
288 469 310 534 l.
333 488 360 538 c.
384 489 461 554 pag.
484 471 526 536 74
549 491 592 538 ss.
615 492 688 538 cam
717 475 758 540 ob
783 495 932 543 caussam
957 477 1078 542 Tibulli
1108 477 1252 545 carmina
1282 501 1365 565 prae

180 571 377 641 Catullianis
417 581 448 642 et
479 575 703 662 Propertianis
742 581 872 666 saepius
907 601 980 648 csse
1018 589 1172 669 excerpta
1206 586 1363 668 ostendit,

180 676 266 762 qnod
299 678 369 746 eins
398 686 516 766 poetae
546 685 748 769 exemplaria
769 706 836 770 ‚per
863 671 973 771 priora
1000 687 1100 754 medii
1130 689 1203 756 aevi
1229 689 1363 756 saecula

179 801 280 865 usque
305 783 348 849 ad
371 784 576 852 undecimum
600 786 738 856 fortasse
766 791 889 856 autad
921 791 1051 858 tertium
1076 792 1232 860 decimum
1255 795 1360 878 magis

179 886 299 954 ruerint
333 887 520 973 divolgata,
560 892 718 977 triplicem
760 895 931 981 archetypi
964 896 1143 964 Tibulliani
1165 915 1284 982 'usque
1317 898 1359 964 ad

180 989 355 1060 Petrarcae
380 1001 525 1078 tempora
556 997 826 1080 propagationem
850 1000 1059 1066 statuendam
1091 1021 1164 1069 esse
1187 1003 1243 1071 ait.
1289 1022 1363 1066 nam

181 1093 429 1182 Carolingorum
453 1104 562 1166 aetate
584 1099 617 1165 in
634 1099 743 1166 Gallia
766 1101 913 1168 extitisse
931 1103 1141 1189 archetypos,
1164 1106 1250 1188 quod
1273 1123 1365 1190 prae-

181 1205 230 1264 ter
260 1207 411 1282 quattuor
438 1202 539 1269 libros
571 1203 670 1271 etiarn
698 1205 836 1291 priapea
867 1207 931 1274 duo
955 1214 987 1273 et
1017 1209 1151 1276 Domitii
1179 1209 1280 1276 Marsi
1303 1209 1367 1293 epi-

181 1322 330 1386 gramma
353 1306 650 1390 comprehenderit:
683 1331 731 1376 eu¹
746 1310 806 1376 hoc
829 1311 942 1378 codice
964 1311 1097 1379 fluxisse
1120 1315 1257 1399 primum
1281 1334 1366 1380 nono

182 1409 312 1476 saeculo
328 1411 380 1475 vel
403 1410 527 1478 decimo
545 1411 706 1498 Scaligeri
723 1416 866 1482 codicem
884 1415 1096 1482 Ouiacianum
1112 1419 1365 1502 pervetustum,

184 1511 275 1579 cuins
298 1533 450 1580 maxuma
472 1537 550 1602 pars
573 1537 674 1600 usque
698 1518 740 1585 ad
764 1521 823 1605 ΙΙΙ,
847 1521 876 1605 4,
900 1519 941 1587 65
958 1521 1096 1586 saeculis
1119 1522 1365 1604 insequentibus

182 1617 356 1704 absumpta
386 1620 438 1689 sit.
490 1628 658 1705 praeterea
689 1623 802 1690 eodem
839 1625 905 1690 sere
936 1632 1078 1710 tempore
1116 1645 1156 1688 ex
1187 1628 1365 1712 archetypo

183 1721 319 1787 alterum
344 1743 532 1810 expressum
549 1746 621 1792 esse
644 1725 797 1808 codicem,
821 1727 854 1793 in
877 1747 971 1809 quem
991 1729 1128 1813 priapea
1151 1727 1209 1791 illa
1233 1737 1367 1813 propter

184 1826 417 1894 obscenitatem
452 1849 542 1894 suam
577 1849 641 1896 non
670 1835 801 1914 recepta
833 1829 914 1912 sint,
949 1830 1101 1897 omissum
1135 1850 1206 1896 esse
1241 1831 1274 1894 in
1305 1833 1365 1896 hoc

184 1930 282 1998 etiam
306 1952 422 1999 nomen
446 1933 581 1999 Domitii
606 1934 717 2019 Marsi,
741 1934 817 2017 quia
840 1933 993 2000 librarius
1024 1935 1126 2000 verba
1154 1933 1279 2018 ,incipit
1302 1933 1366 2017 epi-

184 2054 333 2118 gramma
355 2037 500 2104 Domitii‘
523 2057 674 2104 eorumve
703 2038 824 2105 similia
841 2059 899 2123 pro
915 2039 1026 2105 ultimo
1051 2035 1274 2104 antecedentis
1298 2056 1365 2100 car-

187 2138 282 2206 minis
305 2128 449 2207 trimetro
473 2142 633 2228 habuerit,
657 2149 721 2208 tum
746 2142 877 2210 saeculo
901 2143 979 2209 XIV
1010 2143 1062 2208 vel
1094 2141 1156 2208 XV
1178 2142 1281 2208 virum
1304 2141 1368 2204 lta-

186 2241 253 2308 lum
284 2243 418 2311 Domitii
447 2247 649 2330 epigramma
680 2246 833 2313 reiecisse
860 2247 893 2314 in
928 2247 1023 2312 finem
1053 2247 1141 2313 vitae
1177 2245 1297 2311 Tibulli
1327 2244 1369 2309 ab

186 2347 257 2433 ipso
274 2349 496 2416 concinnatae.
526 2351 621 2417 huius
637 2351 781 2417 familiae
794 2351 938 2416 codicem
955 2371 1026 2417 esse
1042 2351 1161 2417 fontem
1185 2371 1248 2416 non
1266 2350 1368 2415 solum

186 2452 325 2519 omnium
349 2461 530 2521 nostrorum
554 2455 710 2538 codicum,
733 2475 866 2538 quornm
891 2456 997 2522 nullus
1021 2464 1098 2522 ante
1120 2455 1182 2522 XV
1205 2454 1369 2520 saeculum

187 2557 410 2644 scriptnsest,
434 2559 492 2625 sed
522 2559 619 2624 etiam
650 2565 874 2644 excerptorum
904 2560 1180 2644 Frisingcnsium,
1211 2578 1293 2641 quae
1322 2557 1370 2620 Xl

188 2663 317 2729 saeculo
340 2663 373 2728 in
396 2661 571 2730 Germania
596 2683 613 2728 c
636 2662 720 2730 libro
750 2664 876 2747 integro
911 2663 1076 2747 descripta
1108 2663 1182 2728 sint.
1228 2662 1370 2744 denique

145 2833 147 2841 ,
189 2767 389 2852 archetypon
413 2803 452 2814 —
477 2767 511 2832 id
534 2767 621 2850 quod
646 2767 773 2833 circiter
788 2767 875 2833 idern
898 2775 1026 2851 tempus
1050 2767 1149 2832 etiam
1171 2766 1282 2834 Ovidii
1305 2786 1373 2831 car·

191 2871 330 2938 minibus
354 2871 521 2937 amatoriis
544 2871 702 2938 acciderit
717 2909 757 2920 -—
773 2871 872 2937 valdo
895 2870 1098 2937 decurtatum
1121 2891 1194 2938 esse
1218 2870 1374 2936 abscissis

188 2977 272 3043 libro
289 2983 404 3059 quarto
428 2982 461 3042 et
476 2975 675 3060 appendice:
701 2996 741 3041 ex
757 2975 850 3041 huius
874 2975 1017 3041 familiae
1038 2975 1231 3061 apographo
1256 2975 1375 3040 deinde

190 3087 346 3167 excerpta
368 3087 477 3147 cetera
500 3079 608 3146 omnia
632 3077 765 3145 duxisse
789 3077 958 3163 originem,
983 3079 1103 3164 quippe
1133 3100 1216 3162 quae
1239 3079 1282 3145 ad
1306 3085 1374 3144 tres

190 3185 309 3271 primos
339 3185 525 3270 pertincant
557 3184 675 3266 libros,
710 3183 877 3249 librarium
913 3191 1021 3250 autem
1056 3205 1127 3251 cum
1157 3184 1211 3268 qui
1242 3184 1376 3250 Nostra·

192 3289 362 3357 damcnsia
386 3291 623 3375 conscripserit,
646 3288 791 3355 flosculis
814 3287 881 3355 illis
904 3288 1067 3356 adiecisse
1090 3310 1130 3355 ex
1153 3290 1279 3371 integro
1302 3307 1378 3368 quo·
1476 3359 1477 3372 ἢ

191 3397 266 3462 dam
291 3395 413 3461 Tibulli
436 3395 550 3462 codice
572 3395 655 3462 alios
686 3395 807 3461 electos
837 3413 855 3459 e
879 3393 1081 3480 panegyrico
1112 3393 1156 3457 ad
1179 3390 1377 3456 Messallam.

191 3502 239 3568 ita
262 3520 333 3565 cum
357 3499 506 3582 primitus
529 3499 697 3566 codicibus
721 3499 841 3565 nostris
865 3499 976 3584 purior
1006 3504 1039 3566 et
1068 3495 1198 3562 uberior
1227 3493 1299 3556 tons
1322 3490 1378 3554 ille

191 3604 320 3671 fluxerit
343 3623 438 3688 quam
463 3603 514 3668 his
538 3605 712 3687 excerptis,
736 3610 803 3670 tum
827 3603 926 3669 ctiam
950 3601 1056 3686 magis
1080 3596 1204 3665 turbari
1228 3601 1261 3661 et
1285 3595 1379 3662 obrui

191 3716 418 3794 excerptorum
441 3707 663 3792 integritatem
687 3728 726 3773 ac
748 3708 845 3774 fidem
876 3729 914 3774 ea
937 3727 986 3788 re,
1017 3703 1105 3787 quod
1135 3701 1381 3786 excerptoribus

192 3816 247 3897 qui
271 3815 450 3882 sententias
475 3835 492 3880 e
515 3813 728 3880 continuitate
752 3813 929 3878 carminum
954 3813 1084 3894 ereptas
1115 3807 1159 3874 ad
1182 3808 1381 3892 peculiarem

193 3921 381 4005 plerumque
412 3917 639 3984 revocaverint
662 3935 810 3999 sensnm,
841 3911 1060 3998 interpolandi
1083 3919 1192 3980 textus
1217 3920 1248 3979 et
1271 3913 1385 3978 immu-

194 4023 286 4090 tandi
310 4023 565 4090 innumerabiles
588 4022 710 4088 fuerint
726 4039 876 4100 caussae,
901 4018 1050 4084 codicum
1073 4039 1151 4085 vcro
1168 4015 1383 4103 scriptoribus

193 4129 313 4196 nullae.
359 4128 477 4214 quibus
496 4128 646 4194 omnibus
670 4123 870 4210 argumentis
894 4123 986 4209 effici,
1012 4130 1236 4210 excerptorum
1252 4126 1385 4206 praeter

194 4232 423 4320 Frisiugensia
454 4232 487 4296 in
511 4231 627 4298 critica
655 4239 727 4298 arte
743 4230 871 4296 ‘nullam
900 4229 1059 4296 rationem
1092 4249 1164 4295 esse
1188 4223 1384 4306 habendam,
1478 4225 1479 4308 l
