3004 4716
710 277 750 344 37

627 369 831 380 ...Ἥ

137 512 230 577 quarn
256 487 376 573 fugiet,
413 486 609 554 simillimum
640 488 710 555 eius
738 488 907 573 exemplar
929 487 1106 556 Vincentio
1136 488 1179 554 ad
1206 507 1323 556 manus

139 597 248 664 luisse.

241 701 393 767 Ceterum
416 705 452 764 ut
475 698 692 764 Vincentiana
715 699 763 763 ita
785 697 1080 765 Nostradameusia
1111 718 1238 781 quoque
1270 719 1325 764 ex-

135 813 252 891 cerpta
275 825 316 870 ex
340 803 503 887 excerptis
526 802 692 886 descripta
715 808 800 885 sunt,
823 823 898 868 nam
923 803 951 868 si
974 803 1046 888 ipse
1068 802 1156 869 illius
1173 801 1324 885 florilegii

131 911 278 994 scriptor
293 909 355 975 bos
378 908 562 974 flosculose
585 907 697 974 codice
719 907 848 991 integro
870 907 1067 991 collegisset,
1091 913 1224 991 propter
1252 927 1323 972 eam

136 1034 235 1096 quam
264 1013 442 1079 identidem
471 1010 727 1098 significavimus
764 1011 992 1095 cognationem
1023 1018 1055 1077 et
1085 1011 1323 1078 consortionem

139 1123 252 1184 auctor
279 1117 446 1202 putandus
476 1123 562 1182 esset
592 1115 692 1181 etiam
727 1116 922 1200 reliquorum
955 1122 1197 1201 excerptorum,
1232 1115 1322 1198 atqui

140 1243 203 1290 uon
226 1228 336 1307 potest
359 1227 473 1287 auctor
496 1241 578 1305 csse,
603 1220 690 1304 quod
713 1219 746 1286 in
776 1220 1001 1287 Vincentianis
1025 1221 1188 1304 excerptis
1211 1240 1324 1288 versus

142 1328 252 1394 insunt
274 1346 354 1409 quos
376 1325 528 1410 florilegii
551 1326 689 1409 scriptor
712 1325 829 1392 omisit.

243 1430 338 1496 Brevi
362 1429 462 1513 igitur
484 1437 520 1495 ut
543 1431 741 1514 complectar
765 1430 805 1494 de
830 1427 1166 1496 Nostradamensibus
1196 1434 1228 1495 et
1250 1427 1327 1495 Vin·

139 1535 302 1602 centianir
334 1541 367 1600 et
398 1533 621 1618 Scaligcranis
655 1535 817 1618 excerptis
849 1533 972 1598 Tibulli
1005 1553 1090 1615 quae
1127 1533 1205 1598 mibi
1239 1531 1324 1599 effici

138 1658 238 1724 posse
267 1638 452 1722 uideantur,
481 1640 602 1703 nullum
627 1637 741 1703 horum
778 1639 946 1721 exemplar
977 1658 1017 1703 ex
1047 1638 1175 1720 integro
1203 1637 1325 1704 Tibulli

144 1742 255 1808 codice
277 1743 482 1827 compilatum
506 1748 566 1826 est,
590 1741 649 1808 sed
672 1743 782 1808 omnia
806 1763 846 1808 ex
868 1761 934 1809 una
951 1741 1160 1827 excerptione
1182 1741 1324 1807 deducta

136 1853 225 1914 sunt:
247 1848 426 1914 communis
450 1853 499 1912 est
515 1848 652 1913 omnium
675 1847 790 1913 horum
813 1847 896 1931 fons,
921 1847 1073 1929 quoniam
1089 1852 1123 1913 et
1146 1845 1320 1912 virtutibus

133 1959 165 2018 et
188 1951 276 2018 vitiis
299 1952 434 2035 egregie
458 1950 657 2034 conspirant,
689 1972 754 2016 nou
778 1949 914 2016 eundem
943 1970 1015 2016 esse
1047 1970 1118 2015 oum
1149 1969 1187 2016 eo
1218 1968 1323 2033 equo

134 2057 267 2122 codices
300 2055 421 2121 nostri*
440 2055 563 2120 fluxere
601 2076 618 2120 e
654 2054 872 2140 compluribus
907 2052 1043 2120 efficitur
1077 2053 1323 2140 discrepantiis:

137 2158 295 2240 primaria
323 2158 381 2222 illa
410 2157 574 2241 excerptio
603 2159 702 2224 etiam
740 2158 903 2241 copiosior
934 2165 1005 2223 erat
1040 2178 1138 2241 quam
1169 2164 1323 2241 excerpta

136 2259 440 2327 Nostradamensia.
488 2261 677 2328 Vincentius
716 2262 833 2345 quibus
872 2262 1024 2328 utebatur
1060 2262 1198 2328 exiliora
1228 2268 1323 2329 erant

134 2385 235 2448 quam
265 2362 456 2446 florilegium
485 2366 685 2449 Parisinum‚
714 2366 749 2432 id
779 2366 865 2449 quod
896 2386 960 2432 non
993 2367 1097 2433 solum
1126 2365 1322 2432 Tibullianis

130 2470 193 2536 sed
233 2467 336 2534 etiam
364 2470 566 2536 Petronianis
602 2476 633 2536 et
662 2470 874 2538 Suetonianis
905 2470 1048 2537 flosculis
1082 2471 1322 2555 comprobatur.

128 2573 296 2656 scaligeri
328 2575 461 2657 eclogae
495 2581 589 2641 erant
619 2575 795 2659 ampliores
826 2596 923 2659 quam
955 2595 1036 2658 quas
1068 2575 1258 2641 Vincentius
1289 2575 1322 2640 in

129 2680 299 2762 speculum
323 2678 502 2746 doctrinale
526 2680 645 2749 intulit.
691 2680 895 2746 vincentium
919 2679 1034 2746 eodem
1058 2700 1152 2746 usum
1175 2699 1247 2746 csse
1270 2699 1322 2745 ex-

135 2789 316 2864 cerptorum
354 2783 532 2868 exemplari
563 2803 625 2866 quo
656 2784 859 2867 scaligerum
894 2784 1001 2868 ipsum
1032 2783 1184 2866 equidem
1214 2804 1321 2866 neque

134 2885 314 2966 praefracte
337 2907 458 2970 negare
489 2908 595 2972 neque
617 2908 676 2973 pro
702 2896 790 2954 certo
815 2890 989 2955 adfirmare
1012 2888 1116 2954 ausim
1127 2888 1175 2970 ⁷⁵).

240 2989 424 3056 Extremum
448 2999 499 3057 est
521 2999 556 3057 nt
579 2993 619 3058 de
644 2993 764 3060 virtute
788 2999 820 3060 et
835 2995 1030 3059 auctoritate
1052 2993 1167 3059 borum
1191 3011 1323 3075 excerp·

136 3097 240 3156 torum
262 3091 430 3161 disseram.
479 3116 550 3162 cum
575 3099 660 3163 enim
684 3098 724 3164 de
749 3098 970 3182 Frisingensis
987 3096 1206 3181 excerptionis
1228 3115 1321 3180 prae·

139 3196 260 3262 stantia
291 3200 418 3266 omnino
455 3221 519 3266 non
552 3201 696 3268 dubitem
733 3203 841 3268 lacere
876 3222 947 3267 cum
974 3201 1147 3281 Muellerc,
1182 3206 1249 3266 tum
1281 3199 1323 3264 de

136 3301 251 3366 ceteris
274 3303 369 3370 valde
385 3304 561 3372 abhorrere
590 3309 633 3373 ab
657 3307 742 3374 illius
765 3308 888 3374 iudicio
910 3326 1015 3373 meum
1036 3305 1138 3371 libere
1161 3303 1322 3389 profiteor.

133 3425 211 3470 nam
242 3405 322 3471 baec
356 3416 512 3494 excerpta
546 3411 601 3476 ille
638 3412 768 3476 tametsi
804 3411 917 3494 negari
946 3431 1009 3477 uon
1044 3431 1141 3495 posse
1173 3407 1322 3476 concedit

132 3510 213 3574 locis
236 3513 402 3579 nonnullis
433 3515 585 3582 meliores
608 3517 765 3600 praebere
796 3517 974 3601 scripturas
1004 3537 1101 3599 quam
1131 3515 1245 3600 plenos
1269 3512 1323 3577 'Pi-

136 3613 212 3678 bulli
234 3614 376 3700 codices,
392 3689 396 3700 ,
410 3624 519 3686 tamen
550 3621 582 3686 iu
606 3621 720 3688 critica
743 3621 926 3687 factitando
949 3621 1068 3688 nullius
1099 3620 1227 3685 omnino
1256 3636 1322 3681 mo·

136 3718 232 3782 menti
256 3739 330 3785 esse
353 3720 514 3788 adfirmat.
557 3723 728 3790 videamus
752 3725 850 3808 igitur
872 3726 1027 3809 primum,
1051 3723 1168 3806 quibus
1191 3721 1248 3786 ille
1277 3719 1321 3784 ad

131 3823 368 3889 stabiliendam
399 3845 491 3891 suam
530 3829 721 3894 sententiam
753 3835 861 3895 utatur
895 3827 1104 3910 argumentis.
1150 3832 1322 3912 postquam

129 4053 315 4060 ψ...-

188 4169 220 4236 75)
239 4171 275 4225 de
303 4171 415 4229 duobus
444 4175 514 4230 locis
542 4175 644 4243 quibus
675 4176 749 4231 inter
776 4191 806 4230 se
835 4175 947 4231 differre
981 4179 1116 4245 utrosque
1143 4180 1258 4231 constat
1285 4173 1322 4235 cl.

238 4273 306 4328 pag.
325 4261 368 4317 32.
460 4291 471 4316 a
