3004 4716
697 283 738 351 27

126 507 268 578 *Omnia
292 511 369 573 sunt
392 506 530 588 operata
553 497 632 564 deu:
655 516 718 563 nen
742 491 863 559 audeat
885 486 952 554 ulla

170 612 379 678 *Lanificam
403 605 516 693 pensis
540 601 732 687 imposuisse
755 614 896 662 manum.

121 719 220 784 *Ves
244 734 372 799 quoque
396 712 517 778 abesse
539 706 651 793 procul
674 705 780 785 iubeo,
805 698 953 766 discedat
976 694 1017 759 ab
1040 689 1107 756 auis

168 822 260 888 *Oui
283 819 355 885 tulit
379 817 533 882 hesterna
557 811 681 896 gandia
704 812 798 874 noete
820 807 938 871 Venus.

156 927 261 992 Casta
282 925 412 1007 placent
436 917 577 1002 superis:
601 935 684 1000 pura
707 933 777 977 eum
800 913 899 974 mente
920 905 1028 970 venite

202 1031 243 1094 Et
264 1026 411 1092 manibus
435 1023 526 1107 puris
550 1019 666 1086 sumite
695 1015 794 1082 sontis
818 1033 946 1096 aquam.
970 1010 1026 1096 (ΙΙ,
1051 1011 1079 1090 1,
1103 1002 1221 1082 5-14)

162 1131 163 1136 ¹
831 1119 843 1148 0

288 1205 327 1265 In
350 1200 455 1262 eedem
475 1200 511 1262 de
534 1197 584 1260 his
607 1195 661 1277 qui
682 1191 772 1256 iestis
795 1189 902 1253 diebus
926 1145 1050 1268 operatu
1071 1186 1157 1246 dant.

131 1327 249 1392 *Vina
279 1323 366 1386 diem
391 1318 541 1384 celebrant
562 1335 622 1381 nee
645 1314 730 1378 festa
751 1311 822 1376 luce
846 1306 978 1374 madere

172 1429 190 1465 *
208 1423 337 1505 nesus)
367 1431 467 1507 ruber,
492 1425 637 1488 errantes
661 1423 693 1483 et
715 1416 799 1481 male
822 1414 904 1480 ferre
926 1409 1036 1496 pedes.

935 1517 993 1602 (ll,
1019 1517 1046 1598 1,
1069 1508 1211 1590 29-30)

292 1708 330 1769 ln
353 1706 461 1770 eudem
484 1705 563 1783 qued
584 1700 702 1763 rustica
724 1699 794 1761 vita
815 1695 921 1777 potius
942 1693 986 1756 sit
1009 1688 1153 1771 optanda.

162 1829 245 1892 itura
268 1826 342 1892 eolis
364 1823 514 1905 rurisque
536 1821 625 1886 dees.
649 1818 698 1882 his
723 1817 792 1881 vita
814 1811 983 1896 magistris

200 1930 358 1997 Desuevit
381 1947 506 2010 querna
527 1925 650 2008 pellere
674 1920 796 2003 glande
817 1919 950 1983 famem:

158 2037 212 2102 Illi
235 2033 426 2118 cumpositis
450 2017 588 2114 primum
613 2027 751 2094 decuere
773 2019 945 2106 tegellisffl)

201 2138 366 2220 Exiguam
389 2135 488 2200 viridi
511 2133 625 2199 fronde
649 2129 776 2216 operire
800 2128 939 2210 domum,

170 2242 223 2306 llli
245 2241 343 2304 etiam
365 2247 476 2305 tauros
497 2237 594 2323 primi
618 2235 768 2301 decuisse
791 2233 935 2298 feruntur

210 2344 384 2412 Servitium
406 2351 437 2409 et
458 2343 605 2427 plaustro
629 2339 838 2425 supposuisse
862 2342 976 2403 rutam.

163 2451 247 2516 Tum
268 2449 374 2515 vietus
396 2447 504 2513 abiere
526 2447 586 2513 feri
610 2466 680 2514 eum
703 2445 829 2511 censita
851 2459 976 2526 pomus,

206 2556 290 2620 Tum
316 2553 398 2618 bibit
421 2551 556 2634 irriguas
579 2550 696 2616 fertilis
720 2554 807 2613 ortus
829 2564 944 2629 aquas,

159 2661 272 2726 Aurea
295 2665 362 2723 tum
384 2676 514 2741 presses
539 2655 678 2742 pedibus
703 2652 793 2719 dedit
816 2671 882 2716 uva
903 2651 1044 2731 liquores
1278 2637 1320 2698 45

176 2764 376 2845 *Mixtaque
400 2781 513 2826 securo
538 2758 635 2840 est50)
659 2757 768 2823 sobria
790 2753 925 2839 lympha
949 2771 1046 2818 mere.

165 2867 252 2930 itura
274 2865 384 2932 ferunt
407 2884 542 2945 messes,
567 2862 667 2928 calidi
691 2880 762 2925 uum
786 2858 905 2924 sideris
929 2861 1023 2923 aestu

212 2970 353 3054 Deponit
375 2969 480 3035 flavas
505 2977 614 3034 annua
636 2975 723 3032 terra
746 2983 866 3031 eomas.

170 3075 257 3140 Rura
279 3075 358 3140 levis
380 3093 479 3139 verno
502 3073 600 3139 flores
623 3073 696 3156 apis
719 3071 835 3153 iuuerit
856 3069 951 3135 alveo

215 3179 382 3263 Compleat
404 3185 439 3244 ut
461 3177 548 3244 dulei
571 3177 686 3244 sedula
708 3176 804 3242 melle
819 3174 923 3238 favos.
947 3172 1001 3254 (ll,
1027 3175 1054 3253 1,
1077 3165 1218 3247 37-50)
1278 3162 1321 3226 50

166 3353 296 3420 Aucetlit
317 3354 420 3418 tacitis
443 3352 540 3418 fulvis
564 3349 781 3417 eireumdatus
805 3348 867 3413 alis
969 3342 979 3364 ⁶

210 3458 374 3540 Sumpnus
391 3464 423 3522 et
445 3456 567 3523 incerto
586 3455 744 3538 Sompnia
766 3455 862 3536 nigra
876 3449 971 3535 pede.
995 3448 1052 3536 (ΙΙ,
1075 3453 1081 3512 i
1091 3497 1100 3530 ,
1116 3445 1266 3528 89-90).

172 3615 212 3678 Te
235 3615 291 3679 tibi
312 3613 488 3696 quaesieris
510 3619 663 3694 totamque
685 3632 743 3695 per
766 3610 875 3675 urbem

212 3717 384 3800 Mortisffl)
409 3725 481 3782 arat
504 3717 615 3784 valido
638 3715 777 3782 rustinus
801 3731 883 3780 arva·
903 3713 986 3780 bove
1074 3699 1080 3710 ’

136 3911 326 3920 .—-—-

190 4011 223 4079 48)
240 4011 323 4067 Viuo.
341 4023 419 4064 exea
437 4011 507 4078 ‚estt

191 4099 225 4164 ⁴⁰)
243 4113 327 4154 manu
345 4097 468 4153 secunda
488 4105 605 4152 eorreet,
624 4097 653 4152 in
670 4095 796 4166 ,tigillist

190 4187 223 4251 ⁵⁰}
242 4184 409 4242 Vincentius
427 4183 518 4240 altero
537 4183 602 4240 lone
620 4185 681 4253 ,est‘
700 4182 793 4238 omisit

194 4272 227 4340 ¹⁵¹)
246 4278 401 4330 currentum
420 4273 449 4326 iu
468 4270 576 4341 ‚sortist
