3004 4716
708 243 751 308 23

625 335 830 346 ι-ψ-

239 462 277 524 In
299 460 412 523 ecdem.

814 573 880 638 Ncc
902 593 1013 640 amare
1036 571 1164 637 decebit
1244 553 1247 562 ¹

87 683 91 690 ’
207 685 326 749 Dicere
349 702 410 748 nec
433 701 516 746 cano
541 679 720 746 blanditias
744 680 861 762 cupite

209 789 279 853 lam
304 786 412 852 veniet
434 784 578 850 tenebris
602 786 692 850 Mors
716 785 876 868 adoperta
899 790 998 867 caput

162 896 236 959 lam
260 897 407 975 surrepct
429 890 516 956 iners
541 896 655 954 aetas:
680 909 737 954 vos
761 888 857 972 signa
880 888 1041 970 tubaeque

210 997 260 1061 Ite
282 995 405 1078 procul,
429 993 558 1078 cupidis
581 994 715 1058 vulnera
738 992 819 1056 ferte
841 991 930 1075 viris,

168 1100 263 1164 Ferte
287 1105 319 1164 et
342 1118 438 1181 opes:
461 1117 521 1179 ego
545 1096 724 1180 composito
747 1116 879 1161 securus
903 1113 1032 1160 acervo·

209 1201 401 1287 Despiciam
425 1201 507 1267 dites
530 1201 774 1284 despiciamque
797 1200 925 1265 famem.
955 1199 994 1282 (l,
1011 1203 1038 1281 1,
1056 1197 1106 1279 71,
1123 1197 1173 1277 72,

856 1305 906 1387 70,
923 1303 974 1388 71,
990 1298 1129 1381 'lb-78)

183 1496 261 1562 Non
280 1515 342 1576 ego
365 1495 391 1560 si
414 1495 515 1561 merui
539 1495 682 1560 dubitem
707 1495 917 1579 procumbere
940 1492 1070 1577 templis
1191 1445 1194 1454 ι
1277 1488 1319 1554 83

218 1599 260 1663 Et
280 1599 430 1664 miserum
455 1605 568 1665 sancto
584 1599 720 1665 tundere
743 1606 835 1682 poste
860 1607 967 1683 caput.
1278 1592 1319 1657 86

177 1702 235 1783 cor
254 1704 384 1768 nimium
405 1687 515 1769 laetus
538 1701 625 1768 rides
647 1703 735 1767 mala
759 1709 871 1769 nostra
895 1707 1008 1768 caveto

209 1808 285 1872 Mox
308 1806 369 1872 tibi
393 1812 423 1872 ct
444 1807 547 1872 iratus
570 1807 694 1871 saeviet
716 1826 819 1888 usque
842 1806 931 1871 deus

135 1910 240 1977 *Vidi
262 1930 325 1992 ego
350 1909 405 1992 qui
428 1911 559 1974 miseros
580 1911 725 1974 iuvenum
747 1910 951 1991 dumpuossct
973 1927 1099 1973 amores

174 2018 284 2080 *Post
306 2013 445 2078 Veneris
469 2013 588 2078 uinclis
611 2013 751 2078 subdere
774 2013 860 2078 colla
883 2032 991 2078 senem
1275 2008 1318 2072 90

6 2133 8 2164 1
132 2119 150 2156 ²⁸
164 2119 206 2182 Et
229 2118 292 2182 sibi
314 2117 497 2183 blanditias
520 2119 658 2183 tremula
681 2137 873 2201 componere
897 2136 976 2183 voce

187 2219 258 2284 *Et
279 2221 427 2286 manibus
451 2220 599 2307 canasffi)
622 2221 743 2305 fingere
766 2223 851 2288 velle
874 2241 997 2288 comas:

172 2324 269 2390 Stare
292 2344 352 2389 nec
375 2333 450 2391 ante
472 2325 558 2391 sores
582 2326 698 2410 puduit
722 2323 859 2392 carae'be
882 2327 1011 2412 puellae

211 2429 373 2494 Ancillam
397 2429 500 2495 medio
524 2431 709 2498 detenuisse
732 2430 813 2497 foro.

167 2535 265 2598 Hunc
288 2553 379 2618 puer,
402 2533 485 2597 hunc
506 2534 631 2599 iuvenis
655 2536 750 2601 turba
774 2535 975 2600 circumdedit
997 2540 1089 2598 arcta
1277 2532 1318 2597 95

207 2635 349 2719 Respuit
362 2637 395 2702 in
413 2636 525 2703 molles
542 2644 574 2704 et
597 2637 660 2702 sibi
678 2639 813 2721 quisque
829 2639 929 2704 sinus.
955 2640 992 2722 (I,
1016 2639 1046 2720 2,
1070 2638 1120 2718 83,
1134 2635 1273 2718 86-96)

203 2814 371 2876 [neodem
394 2816 431 2876 de
452 2814 529 2877 locis
552 2813 667 2896 quietis
688 2814 723 2875 in
746 2813 879 2877 inferno.

169 2947 230 3010 Hic
252 2947 386 3014 choreae
411 2958 589 3032 cautusque
612 2951 733 3036 vigent,
757 2951 944 3036 passimque
967 2957 1127 3034 vagantes

210 3050 312 3116 Dulce
335 3061 453 3120 sonant
475 3056 564 3120 tenui
589 3062 718 3138 gutture
742 3076 872 3122 carmen
895 3076 983 3136 aree,
1275 3054 1318 3118 60

173 3155 249 3220 Fert
272 3156 391 3222 casiam
415 3179 480 3223 non
505 3160 592 3224 culta
616 3181 721 3246 seges,
745 3167 896 3244 totosque
918 3180 975 3244 per
998 3178 1096 3241 agros

217 3259 326 3326 Floret
348 3263 495 3328 odoratis
519 3270 607 3330 terra
631 3264 773 3349 benigna
796 3265 889 3331 rosis.
913 3265 953 3349 (I,
976 3266 1006 3347 3,
1029 3262 1172 3342 59-62)

168 3433 212 3497 At
235 3435 395 3501 scelerata
419 3436 506 3502 iacet
529 3439 624 3504 sedes
646 3439 704 3504 sub
727 3444 822 3505 nocte
844 3437 1007 3522 profunda

208 3539 344 3623 Abdita,
369 3561 467 3622 quam
490 3542 574 3608 circo
596 3542 728 3608 flumina
750 3543 846 3628 nigra
869 3549 1002 3610 sonant:

5 3629 7 3682 ἶ
132 3705 137 3710 .
168 3641 414 3726 Tesiphoneque
436 3644 556 3728 inpexa
578 3646 664 3713 feros
686 3667 745 3730 pro
769 3647 910 3714 crinibus
934 3668 1059 3731 angues

209 3745 332 3828 Saevit,
355 3752 388 3812 et
411 3748 473 3813 buc
496 3749 571 3814 illuc
595 3748 695 3833 impia
718 3751 815 3816 turba
835 3752 931 3817 duecte
1275 3750 1317 3814 70

170 3848 261 3915 Tunc
284 3851 378 3934 niger
398 3852 433 3916 in
454 3859 551 3936 porta
574 3860 760 3938 serpentum
784 3853 942 3921 Cerberus
965 3874 1020 3920 ore

207 3953 335 4021 Stridet
357 3960 390 4021 et
412 3963 544 4024 aeratas
567 3958 707 4024 excubat
729 3964 806 4025 ante
828 3959 923 4027 fores.
947 3959 986 4043 (1,
1008 3957 1038 4042 3,
1061 3956 1202 4040 67-72)

183 4230 216 4301 ³⁴)
235 4246 314 4288 exce.
334 4233 414 4290 Vino.
433 4236 545 4304 ‚carust
