3004 4716
790 295 833 366 34

217 501 267 576 vis
289 503 437 591 exempla
460 505 537 575 vide
560 510 584 592 I,
608 509 637 593 3,
661 509 716 576 83:
742 511 767 592 1,
790 512 820 592 9,
843 510 902 576 51:
928 512 968 595 ΙΙ,
1000 516 1030 595 4,
1046 503 1111 577 '292
1141 514 1182 595 II,
1206 515 1237 597 6,
1266 515 1318 582 19:
1345 515 1407 601 III,

218 616 246 694 3,
273 614 325 678 11:
349 612 408 697 ΙΙΙ,
432 612 461 695 3,
485 613 537 680 32.
582 633 748 680 commune
770 613 936 698 utriusque
953 625 1132 700 praeterea,
1149 617 1210 692 boc
1233 625 1293 701 est,
1317 621 1404 703 quod

217 735 458 800 quoscunqnee
484 715 568 782 libro
584 717 705 784 Tibulli
727 718 823 786 tertio
847 719 1000 786 adferunt
1024 740 1138 787 versus
1163 723 1304 790 secundo
1321 725 1403 790 libro

216 820 416 888 adscribunt.
462 821 704 908 discrepantiae
728 830 838 890 autem
869 831 901 891 et
923 825 1064 892 rariores
1088 833 1120 893 ct
1150 827 1289 895 leviores
1316 849 1406 913 pror·

216 944 286 989 surn
310 945 373 991 non
397 927 528 992 obstant
551 947 614 1009 qno
630 928 736 994 minus
758 929 800 994 ab
825 927 936 995 eodem
962 941 1096 1012 utraque
1121 939 1312 1015 excerptore
1334 952 1407 1016 pro-

216 1028 302 1094 lecta
323 1035 486 1113 putentur.
531 1030 616 1112 quod
640 1033 725 1097 enim
749 1034 773 1116 l,
802 1039 827 1117 1,
853 1034 893 1098 33
917 1033 1020 1098 codex
1036 1032 1328 1102 Nostradamensis
1351 1039 1406 1118 ,at‘

216 1132 322 1216 babet,
346 1135 535 1201 Vincentius
559 1136 621 1218 ,et‘,
645 1135 680 1200 id
711 1137 753 1202 ab
786 1136 846 1203 boc
877 1137 924 1204 ita
955 1144 1113 1203 mutatum
1147 1159 1219 1206 esse
1248 1141 1407 1206 credibile

217 1243 267 1303 est
289 1244 423 1323 propter
446 1258 502 1305 eos
526 1259 607 1322 quos
630 1239 702 1324 ipsc
724 1248 961 1326 praeposuerat
990 1243 1116 1310 versus.
1160 1250 1228 1310 tum
1250 1244 1283 1310 in
1307 1264 1406 1310 versu

214 1341 238 1425 I,
262 1341 291 1425 6,
316 1341 356 1406 75
379 1340 465 1424 quod
488 1343 678 1410 Vincentius
707 1365 793 1429 spec.
817 1346 918 1411 doctr.
942 1348 986 1424 V,
1016 1347 1057 1411 99
1082 1350 1161 1428 ,nec‘
1185 1347 1324 1429 exbibet,
1348 1348 1406 1413 flo-

215 1444 364 1528 rilegium
396 1443 582 1514 Parisinum'
607 1449 669 1533 ,10ι
677 1499 685 1532 ,
714 1449 797 1516 idem
820 1449 1011 1518 Vincentius
1043 1450 1146 1517 altero
1175 1453 1246 1519 loeo
1276 1454 1352 1533 Vll,
1383 1453 1404 1516 3

215 1551 276 1631 ,ne‘
298 1548 422 1633 posuit,
454 1554 615 1619 consentit
644 1553 744 1637 igitur
774 1575 845 1620 cum
877 1553 947 1622 cod.
978 1553 1258 1622 Nostradanrensi.
1305 1575 1403 1639 porro

217 1653 408 1720 Vincentius
438 1661 473 1720 ut
501 1655 532 1740 I,
563 1658 592 1740 8,
622 1657 663 1720 43
692 1657 736 1740 ,in
764 1660 881 1724 annos‘
909 1679 968 1742 pro
999 1663 1044 1742 ,ut
1067 1660 1197 1741 annos‘,
1231 1678 1326 1724 versu
1357 1679 1406 1724 se·

216 1763 332 1840 quente
357 1758 489 1843 ,iuncta‘
511 1779 571 1843 pro
593 1760 724 1844 ,tincta‘,
747 1761 772 1842 Ι,
798 1761 846 1841 10,
872 1764 886 1824 l
924 1761 999 1844 ,qui‘
1022 1781 1080 1845 pro
1104 1758 1205 1842 ,quis‘,
1243 1761 1284 1844 ΙΙ,
1312 1765 1338 1845 l,
1365 1765 1400 1827 ll

218 1861 343 1945 ,proonl
366 1861 494 1929 abesse‘
515 1881 575 1947 pro
599 1863 727 1947 ,abesse
750 1863 880 1947 procul‘,
904 1863 964 1945 ΙΙΙ,
987 1863 1017 1944 3,
1040 1863 1079 1926 31
1112 1863 1212 1927 semel
1235 1863 1317 1943 ,boc‘
1340 1885 1402 1948 pro

215 1966 327 2050 ,baeo‘,
351 1967 416 2051 ΙΙΙ,
446 1968 483 2051 6,
513 1966 730 2052 33‘,muta1·e‘
760 1988 819 2052 pro
843 1966 999 2050 ,imitari‘,
1031 1967 1169 2052 scriptor
1191 1965 1342 2050 florilegii
1367 1977 1402 2032 ut
1490 2039 1491 2046 ,

214 2067 275 2153 ΙΙΙ,
297 2070 327 2155 b,
353 2070 392 2135 16
416 2073 495 2157 ,nec‘
518 2090 576 2155 pro
599 2074 729 2156 ,saepc‘,
755 2071 795 2138 dc
818 2093 881 2155 quo
912 2071 951 2139 cf.
974 2091 1050 2156 pag.
1071 2072 1123 2154 46,
1146 2071 1206 2155 ΙΙΙ,
1229 2072 1258 2153 6,
1281 2070 1323 2134 34
1346 2070 1399 2151 ,10-

214 2175 296 2239 cnm‘
323 2193 382 2258 pro
411 2173 537 2258 ,iocum‘
565 2175 745 2260 scripserit,
776 2175 916 2259 denique
946 2181 979 2240 nt
1010 2173 1198 2240 Vincentius
1227 2175 1269 2256 Il,
1303 2179 1331 2258 l,
1360 2174 1403 2238 30
1490 2185 1491 2190 ’

214 2281 285 2360 ,est‘
309 2280 465 2364 omiserit,
489 2279 560 2362 quis
585 2286 635 2346 est
658 2280 737 2363 quin
760 2286 826 2345 tam
850 2279 991 2346 lortuitis
1015 2278 1141 2344 mendis
1165 2279 1218 2344 vel
1240 2276 1404 2343 erroribus
1490 2315 1491 2354 ,

215 2384 335 2448 lactum
367 2402 439 2449 esse
469 2383 654 2470 intellegat,
682 2406 778 2469 quam
807 2383 877 2466 hoc,
908 2391 942 2449 ut
972 2384 1079 2449 editus
1104 2405 1124 2449 a
1153 2383 1343 2466 Kobergero
1374 2403 1394 2446 1
1489 2399 1490 2440 1

151 2567 154 2580 .
217 2487 299 2554 1486
323 2487 513 2555 Vincentius
537 2489 617 2572 I,†8,
640 2489 683 2555 45
715 2511 744 2574 ,c
776 2489 877 2575 stirpe
908 2487 1055 2573 capillos‘
1085 2487 1242 2572 praebeat
1272 2507 1331 2570 pro
1363 2501 1406 2570 ,κ
1488 2473 1489 2528 l

215 2592 459 2692 praepositione
491 2613 511 2658 a
546 2592 716 2660 codicibus
746 2601 779 2660 et
811 2592 969 2676 florilegio
999 2591 1150 2658 Parisino
1180 2599 1211 2656 et
1241 2591 1406 2657 Vincentii

215 2695 360 2764 editione
387 2696 586 2764 Mentcliana
617 2698 749 2765 tradita.
795 2698 851 2764 vix
884 2697 965 2763 addi
988 2715 1068 2780 opus
1103 2701 1160 2774 cst,
1192 2693 1290 2760 etiam
1321 2694 1405 2760 inter·
1483 2713 1486 2790 1

217 2801 432 2885 Scaligerana
452 2807 487 2866 ct
510 2802 805 2870 Nostradamensia
835 2807 989 2886 excerpta
1012 2819 1095 2882 quae
1119 2806 1193 2865 sunt
1216 2798 1405 2883 discrepan-

215 2904 1407 2992 tiastct1,5,62:1,8,11:1,9,23:I,10,49:111,3,11:1V,

221 3017 249 3093 1,
272 3011 327 3094 eb)
359 3016 394 3076 111
423 3007 610 3076 levissimas
639 3010 687 3074 ita
719 3029 798 3075 casu
830 3014 961 3074 exortas
991 3029 1062 3076 csse
1117 3010 1170 3076 fac
1199 3009 1299 3094 igitur
1328 3009 1404 3074 Vin-

216 3115 357 3181 centium
381 3120 509 3199 sumpta
526 3135 566 3181 ex
589 3112 715 3196 integro
732 3113 852 3179 Tibulli
876 3113 989 3181 codice
1010 3122 1167 3198 excerpta
1191 3115 1297 3200 ipsum
1320 3134 1405 3179 com-
1466 3154 1472 3165 -

214 3219 374 3304 posuisse,
398 3238 484 3301 quae
500 3217 645 3285 Ricbteri
668 3223 718 3283 est
741 3217 915 3301 sententia,
938 3218 1081 3302 sequitur
1098 3226 1133 3285 ut
1147 3217 1403 3287 Nostratlamen-
1461 3242 1464 3255 ·

213 3343 266 3390 ses
290 3325 424 3408 eclogas
448 3345 466 3390 e
489 3322 716 3391 Vincentianis
747 3323 907 3408 originem
938 3322 1070 3390 drrxisse
1102 3324 1304 3402 arbitremur,
1329 3339 1402 3383 con-

211 3447 331 3513 gruens
359 3428 445 3493 enim
475 3448 573 3511 quam
605 3428 791 3514 significavi
822 3428 1043 3513 excerptionis
1075 3421 1399 3510 interpolationisqnc

210 3531 293 3600 ratio
317 3531 449 3598 credere
465 3551 523 3598 nos
547 3539 638 3598 vetat
657 3534 739 3599 duos
762 3532 909 3598 homines
933 3532 1047 3600 codem
1064 3530 1159 3596 modo
1184 3545 1259 3592 usos
1284 3522 1398 3589 codice

212 3643 330 3722 poetae
345 3635 484 3720 integro.
518 3644 646 3702 atvero
662 3636 855 3720 florilegium
868 3638 1051 3703 Parisinum
1069 3633 1167 3698 etiam
1183 3651 1200 3695 e
1217 3636 1332 3714 quarto
1345 3629 1400 3694 Ti·

212 3742 292 3808 bulli
314 3741 398 3808 libro
424 3759 538 3807 versus
562 3739 678 3822 adfert,
702 3741 757 3824 qui
781 3741 868 3826 apud
886 3738 1090 3807 Vincentium
1114 3755 1177 3800 non
1202 3741 1399 3818 comparent.

211 3846 339 3912 accedit
362 3845 429 3912 alia
445 3865 504 3922 ¹res
528 3865 591 3911 non
616 3832 747 3909 mi'numi
771 3845 829 3910 illa
845 3845 974 3928 quidem
998 3840 1160 3908 momenti.
1205 3839 1396 3907 Vincentius

212 3952 351 4018 enimin
376 3951 501 4034 speculi
533 3947 725 4016 doctrinalis
756 3948 838 4014 libro
867 3950 895 4015 V
920 3955 951 4013 et
974 3945 1036 4012 VII
1067 3946 1251 4030 complures
1275 3944 1397 4009 Tibulli

210 4055 300 4121 locos
333 4056 466 4122 eosdem
499 4055 610 4138 posuit
632 4054 727 4136 quasi
762 4052 949 4136 continuos,
986 4051 1039 4136 qui
1075 4071 1179 4136 neque
1214 4071 1253 4116 011
1285 4049 1397 4132 cotlcm

212 4158 354 4226 carmine
384 4158 478 4243 petiti
507 4165 581 4226 sunt
612 4178 716 4241 neque
747 4157 926 4224 carminum
957 4159 1103 4224 ordinem
1134 4160 1267 4222 servant
1297 4172 1398 4235 neque

213 4261 276 4332 ullo
300 4281 527 4345 nonnunquam
558 4263 790 4330 sententiarum
821 4283 905 4329 nexu
936 4264 1123 4348 cohaerent,
1153 4262 1241 4327 velut
1274 4257 1317 4340 V,
1348 4258 1397 4342 93,
1451 4300 1455 4319 .
