3004 4716
650 265 854 368 ...ἐξ

163 471 324 555 equitibus
341 473 480 561 Polybio
505 481 587 541 teste
611 483 704 542 erant
719 475 879 557 facienda,
903 497 968 542 non
988 475 1110 554 cadunt
1133 477 1165 543 in
1180 479 1345 548 Tibullum

160 576 370 662 eiusdemque
394 579 518 646 ordinis
534 580 682 647 homines
707 618 747 631 —
771 580 805 646 id
829 579 916 663 quod
940 579 1063 664 fugisse
1085 582 1138 648 vel
1155 581 1345 652 Disseuium

160 681 259 747 valde
281 683 380 750 miror
403 721 441 736 -
467 691 575 750 tamen
600 685 738 767 Tibullo,
772 685 828 768 qui
852 685 906 750 vix
930 706 1050 750 annum
1081 685 1113 750 in
1137 689 1347 756 contubernio

164 785 341 854 Messallae
365 789 573 874 militaverat,
596 809 716 873 magno
741 810 840 874 opere
863 788 1039 855 timendum
1063 797 1144 872 erat,
1167 811 1207 857 ue
1229 792 1345 860 iterum

161 891 205 957 ad
230 892 349 958 bellum
372 894 457 976 quod
482 901 558 960 tunc
580 894 614 959 in
638 893 787 961 omnibus
815 893 883 960 lere
902 893 1035 959 orientis
1058 894 1207 979 partibus
1229 896 1346 981 flagra·

161 996 218 1062 bat
241 1003 445 1064 evocaretur.
490 998 577 1080 quod
610 999 638 1064 si
668 998 776 1084 fieret,
807 999 861 1081 qui
891 998 983 1064 licuit
1014 1005 1133 1084 poetae
1162 1007 1347 1078 contentum

161 1100 272 1166 vivere
302 1102 432 1186 parvo?
477 1101 561 1169 inter
590 1122 753 1168 armorum
793 1103 962 1187 strepitum
994 1108 1082 1168 certe
1117 1123 1182 1169 non
1214 1105 1347 1174 licebat:

161 1205 263 1290 igitur
290 1213 440 1290 optumus
471 1206 617 1274 redditur
649 1226 764 1274 sensus
799 1207 941 1288 „kbnnte
971 1206 1023 1272 ich
1054 1205 1150 1291 jetnt,
1180 1228 1239 1273 nur
1265 1209 1349 1296 jetnt

165 1309 331 1377 nulrieden
365 1311 423 1377 mit
453 1303 594 1376 'meinem
628 1311 778 1395 wenigen
811 1312 920 1395 leben,
955 1310 1025 1376 scrn
1058 1330 1122 1377 von
1157 1312 1252 1396 krieg
1282 1314 1348 1380 und

162 1413 516 1498 lr1·iegsma'rohen“(v.
548 1416 614 1501 26).
661 1435 758 1498 quarn
783 1434 857 1482 vero
883 1413 1151 1481 Schneidewinus
1181 1418 1349 1502 proposuit

163 1525 196 1584 et
218 1519 394 1585 Muellerus
416 1519 569 1604 probavit
590 1519 689 1602 ,mihi‘
713 1540 770 1604 pro
795 1518 912 1603 ,ruodo‘
934 1518 1115 1601 lectionem,
1147 1519 1222 1587 idco
1246 1523 1349 1606 proba

165 1643 229 1690 non
253 1623 397 1705 videtur,
426 1623 511 1706 quod
543 1625 648 1690 oratio
680 1624 715 1686 lit
744 1623 838 1688 nimis
872 1622 1023 1704 quaesita
1053 1631 1150 1705 atque
1179 1633 1350 1694 remotas

164 1727 308 1796 candida
332 1728 511 1794 Tibulliani
536 1725 693 1794 sermonis
719 1725 937 1810 simplicitate.
983 1727 1154 1810 Propertio
1187 1728 1215 1792 si
1245 1728 1351 1794 vindi-

163 1840 301 1915 caretur,
325 1833 431 1899 miuus
454 1833 593 1899 fortasse
617 1830 753 1896 haberet
776 1829 965 1895 offensionis
992 1828 1075 1894 hacc
1096 1830 1227 1916 locutio,
1251 1852 1349 1916 quam

162 1944 294 2022 optume
318 1936 492 2004 convenire
516 1934 647 2001 Horatii
678 1941 710 2000 et
733 1933 877 2000 Senecae
909 1932 1060 2018 epistulis
1091 1934 1182 2019 (Hor.
1220 1955 1294 2020 epp.
1325 1936 1349 2017 l,

166 2043 317 2126 18,107;
352 2041 465 2108 Seneo.
489 2059 563 2138 epp.
587 2040 624 2124 V,
652 2040 672 2104 6
704 2038 783 2123 (47),
815 2037 876 2120 VI,
909 2038 928 2102 3
952 2036 1037 2122 (55),
1066 2037 1147 2140 dial
1172 2037 1220 2123 X,
1250 2039 1284 2124 7,
1315 2040 1347 2122 6)

162 2166 257 2212 nemo
281 2166 362 2212 sane
393 2143 600 2212 diffitebitur:
632 2141 691 2210 sed
721 2141 762 2208 de
791 2142 920 2209 Tibullo
950 2141 1048 2208 valde
1079 2141 1201 2210 dubito.
1246 2164 1350 2227 neque

163 2251 243 2318 illud
268 2250 479 2318 omittendum
503 2255 570 2334 est,
598 2254 700 2314 totam
724 2246 862 2330 elegiam
887 2248 1013 2332 spirare
1042 2247 1197 2330 gaudium
1220 2270 1350 2335 recupe-

166 2362 259 2422 ratae
282 2356 398 2422 Deliae
422 2375 525 2438 neque
550 2361 616 2418 tam
649 2351 712 2418 sibi
736 2369 832 2436 quam
856 2352 986 2436 puellae
1017 2351 1129 2419 uivere
1151 2355 1237 2421 velle
1259 2356 1352 2441 proli-

165 2460 226 2526 teri
262 2466 392 2544 pcetam
427 2461 479 2545 (cf.
517 2441 619 2524 ubl
651 2477 712 2539 ss,
747 2455 813 2538 69).
866 2455 1006 2538 deniquo
1043 2457 1142 2522 etiam
1182 2460 1351 2524 verborum

166 2564 348 2632 conlocatio
366 2564 484 2648 ,modo‘
500 2582 597 2645 quam
613 2559 712 2645 ,mihi‘
737 2561 929 2644 scripturae,
954 2561 986 2624 ni
1003 2560 1107 2641 fallor,
1130 2562 1236 2646 magis
1252 2561 1352 2630 lavet.

166 2675 307 2735 ceterum
337 2668 419 2734 alias
447 2685 574 2751 quoque
596 2663 778 2731 adhibitam
810 2663 956 2731 invenies
980 2662 1096 2749 ,modo‘
1126 2666 1214 2749 apud
1234 2653 1353 2734 'Tibul—

165 2774 230 2838 lum
254 2773 370 2838 eadem
393 2791 457 2854 qua
483 2776 594 2836 nostro
617 2769 689 2835 loco
713 2774 746 2833 et
778 2767 1019 2852 significatione
1049 2768 1103 2849 (ol.
1133 2769 1159 2853 1,
1187 2771 1225 2851 6,
1256 2771 1296 2838 67
1321 2779 1354 2838 et

167 2878 221 2961 IV,
249 2877 279 2962 4,
313 2878 366 2958 16)
391 2882 424 2942 et
446 2873 670 2941 conlocatione
694 2872 729 2937 in
751 2872 847 2957 primi
869 2871 965 2956 pedis
988 2871 1072 2938 thesi
1096 2872 1149 2958 (os.
1179 2875 1206 2958 I,
1238 2883 1266 2958 1,
1297 2876 1354 2944 58:

167 2985 192 3069 Ι,
215 2984 251 3066 6,
281 2982 339 3048 64;
369 2982 401 3063 l,
437 2988 466 3064 6,
489 2981 546 3046 bl:
578 2978 620 3062 ΙΙ,
643 2977 674 3062 4,
696 2977 754 3042 59:
784 2978 839 3060 IV,
869 2974 1067 3061 4,1o:1V,
1098 2978 1129 3062 5,
1155 2980 1218 3064 10).
1262 3002 1355 3068 prae-

168 3091 258 3154 terea
289 3094 324 3153 ut
352 3086 475 3153 codicis
505 3080 729 3165 l'risingensis
765 3080 973 3166 scripturam,
996 3081 1112 3166 ,modo‘
1143 3103 1287 3171 servem,
1317 3108 1354 3153 eo

167 3192 277 3276 magis
301 3211 514 3275 commoveor,
543 3187 629 3272 quod
654 3186 764 3252 nescio
792 3207 835 3252 an
858 3185 955 3253 otiam
980 3195 1159 3256 ceterorum
1190 3198 1355 3278 excerpto-

170 3317 238 3364 rum
262 3298 369 3384 prima
399 3317 514 3362 manus
542 3285 599 3360 ita'
619 3310 748 3357 versum
776 3290 976 3378 exhibuerit,
1007 3313 1082 3361 narn
1113 3295 1275 3382 Guyetum
1304 3317 1354 3381 ,ex

169 3402 318 3486 vestigiis
361 3407 587 3486 excerptorum
630 3395 800 3480 Scaligeri‘
839 3397 1016 3481 protulisse
1059 3401 1144 3467 hauc
1184 3402 1353 3470 lectionem

168 3507 244 3590 ,iam
275 3505 372 3572 modo
400 3504 465 3570 iam
495 3501 639 3589 possum‘
662 3508 801 3568 testatur
829 3502 900 3569 Nic.
932 3502 1084 3570 Heinsius
1114 3505 1202 3587 apud
1233 3504 1356 3570 Brouk-

169 3611 299 3678 husium
321 3631 352 3696 p.
374 3607 495 3690 443.¹2)
529 3607 648 3690 ,modo‘
671 3606 842 3674 lectionem
878 3607 974 3673 etiam
999 3608 1041 3673 ab
1065 3606 1226 3689 Haupbo,
1262 3628 1356 3690 quem

170 3713 412 3783 Schneidewini
441 3712 659 3778 coniecturam
684 3731 749 3777 non
779 3711 950 3796 ignorasse
982 3716 1070 3776 certo
1094 3709 1174 3792 scio,
1197 3719 1358 3779 retentam
1488 3743 1489 3792 p

167 3839 242 3887 csse
264 3819 370 3888 video.

229 4083 258 4149 ¹²)
277 4078 417 4152 Scaligeri
437 4081 572 4145 excerpta
593 4091 649 4132 non
668 4081 700 4129 ut
719 4074 792 4132 falso
819 4077 890 4146 apud
911 4076 1120 4135 Lachmannum
1141 4079 1267 4149 aliosque
1286 4080 1360 4134 inve·
1487 4105 1488 4132 r

276 4169 354 4225 nitur
371 4182 496 4238 ,possum
515 4164 622 4235 quippe
642 4177 698 4234 ago
718 4161 782 4218 iam‘
802 4164 852 4220 sed
871 4166 911 4220 sic
930 4171 961 4222 ut
979 4166 1228 4224 Nostradamensia
1248 4167 1360 4237 ,quippe

278 4271 335 4328 ego
354 4257 408 4312 iarn
427 4255 550 4325 possum‘
569 4252 714 4311 habebant
732 4253 848 4310 Heinsio
870 4254 1072 4326 Scaligcrcque
1091 4257 1154 4326 ipsc
1174 4254 1302 4312 testibus.
