3004 4716
746 251 788 320 36

282 478 359 544 crgo
382 456 536 525 iudicium
558 459 639 527 nihil
662 469 711 528 est
734 463 796 528 nisi
820 466 952 548 publica
974 467 1118 534 merces‘
1165 489 1167 496 ·

179 585 275 651 porro
298 565 330 629 in
355 562 426 628 ond.
449 564 558 630 Nostr.
581 585 695 632 versus
719 575 779 633 sat.
807 569 865 633 137
891 569 935 654 (p.
961 573 1033 655 199,
1059 572 1141 636 1-2
1156 572 1289 658 Buech.)
1314 577 1365 641 sic

178 670 328 753 leguntur

280 773 400 857 ,Parca
424 772 547 855 loquor.
572 774 659 856 quod
688 775 737 840 1110
760 778 900 844 nummis
922 780 1158 862 praebentibus
1182 790 1258 867 opta

281 877 408 943 eveniet
431 878 575 943 clausum
599 879 748 964 possidet
770 900 849 946 arca
872 883 1002 965 Iovem‘,

177 981 264 1064 apud
287 981 493 1048 Vincendum
522 981 665 1048 minuma
689 1004 760 1048 cum
784 985 1007 1072 discrepantia
1031 989 1079 1054 010

279 1105 396 1170 ,parua
418 1086 542 1167 loquor.
573 1085 660 1168 quod
690 1087 740 1153 uis
764 1108 910 1156 nummos
940 1092 1151 1175 prebentibus
1183 1100 1263 1177 opta

282 1189 408 1255 eveniet
431 1189 577 1254 clausum
600 1191 751 1274 possidet
774 1193 874 1258 archa
897 1194 1024 1260 iovem‘.

177 1315 195 1358 e
218 1293 384 1359 codicibus
408 1300 517 1358 autem
541 1295 683 1378 optumis
707 1298 789 1362 tales
813 1295 845 1362 hi
868 1317 982 1364 versus
1005 1301 1156 1382 prodiere

281 1399 392 1480 ,multa
414 1397 542 1481 loquor:
567 1398 653 1482 quod
676 1400 740 1483 uls,
764 1401 902 1467 nummis
926 1405 1155 1486 praesentibus
1179 1412 1257 1490 opta

283 1511 315 1567 et
337 1500 456 1566 veniet.
502 1502 646 1568 clausum
669 1503 818 1587 possidet
841 1525 918 1570 arca
941 1505 1078 1592 Iorem‘,

177 1627 215 1672 ue
233 1606 346 1687 multa,
365 1613 401 1670 ut
415 1606 603 1671 Buecheleri
619 1607 727 1672 verbis
739 1615 821 1691 utar,
844 1610 951 1688 „clare
964 1609 1110 1694 adparet,
1128 1621 1250 1693 quanto
1264 1635 1361 1698 opere

74 1791 79 1803 Ι
176 1732 196 1776 a
225 1710 397 1776 Vincentio
416 1710 610 1793 compilatus
628 1710 709 1775 liber
731 1711 874 1775 Petronii
898 1711 1082 1793 congruerit
1105 1732 1174 1778 cum
1190 1714 1362 1803 florilegio,

175 1815 245 1881 sive
268 1833 432 1879 numerum
456 1818 586 1897 spectas
613 1819 646 1878 et
673 1813 817 1879 ordinem
845 1821 1085 1896 excerptorum,
1116 1815 1184 1879 sive
1211 1815 1360 1897 singulas

175 1918 383 2003 scriptur·as.“
402 1937 505 1999 neque
519 1917 615 1982 aliter
629 1937 700 1983 sese
715 1937 782 1983 rem
795 1915 916 1983 habere
928 1915 960 1980 in
973 1915 1179 1983 Suetoniauis
1191 1917 1358 1998 utriusque

174 2022 338 2106 excerptis
347 2022 483 2088 Rothius
496 2023 529 2087 in
539 2022 686 2088 Suetonii
696 2022 900 2106 praefatione
910 2041 986 2106 pag.
995 2020 1143 2087 XXXIII
1152 2040 1195 2087 ss.
1205 2019 1357 2086 ostendit.

175 2127 368 2194 Vincentius
392 2127 477 2192 enim
501 2125 534 2191 in
557 2127 682 2211 speculi
705 2126 885 2192 historialis
914 2126 1015 2192 libros
1048 2126 1169 2191 Vl—X
1192 2123 1359 2192 dimidiam

173 2231 239 2298 fere
262 2237 391 2315 partem
421 2231 746 2297 Nostradamensium
778 2235 1004 2313 excerptorum
1028 2229 1172 2311 contulit,
1196 2230 1358 2313 planeque

176 2337 275 2402 etiam
299 2334 351 2401 hic
373 2337 564 2420 conspirant
579 2342 787 2418 utrorumque
811 2333 994 2419 scripturae
1006 2333 1058 2399 vel
1075 2340 1188 2420 aperte
1211 2334 1359 2400 vitiatae.

173 2461 275 2524 quare
307 2439 407 2505 valde
430 2439 528 2504 miror
551 2439 736 2505 Richterum
767 2459 843 2523 pag.
866 2439 909 2503 20
939 2445 1151 2522 praepostere
1179 2439 1226 2504 ita
1250 2438 1360 2521 dispu-

173 2551 281 2610 tasse:
311 2543 600 2627 ,perseverandum
630 2542 692 2608 erit
715 2543 748 2607 111
780 2563 819 2608 ea
851 2541 1029 2623 sententia,
1053 2561 1151 2622 quam
1174 2542 1362 2607 1110110011-

172 2669 292 2714 manno
325 2647 420 2713 aliter
450 2646 638 2732 placuisset,
673 2646 729 2713 vix
760 2646 932 2728 quisquam
965 2646 1174 2730 deseruisset,
1205 2653 1361 2731 excerpta

172 2752 360 2819 Tibulliana
385 2771 487 2833 aeque
518 2759 616 2834 atque
649 2751 758 2818 omnia
781 2749 910 2833 reliqua
939 2769 1033 2831 quae,
1050 2750 1129 2815 citat
1158 2750 1359 2834 Vincentius,

173 2858 215 2923 ab
239 2877 276 2922 eo
299 2857 372 2941 ipso
395 2858 541 2941 profecta
566 2857 657 2922 esse‘.
703 2862 818 2921 contra
840 2853 924 2919 0111111
947 2852 1082 2918 Rothius
1106 2853 1126 2917 l.
1144 2873 1169 2922 c.
1194 2854 1359 2919 Vincentii

173 2969 204 3027 et
227 2961 349 3026 codicir
372 2961 662 3028 Nostradamensis
685 2978 846 3025 consensu
870 2958 902 3022 in
926 2957 1050 3040 eclogia
1067 2957 1279 3026 Suetonianis
1302 2959 1359 3024 ad·

174 3066 290 3131 ductus
314 3072 393 3148 erat,
423 3071 459 3130 ut
489 3063 692 3130 Vincentium
722 3063 757 3127 111
787 3061 1022 3128 conscribendo
1054 3083 1112 3128 suo
1143 3083 1248 3148 opere
1266 3082 1358 3128 usum

172 3188 244 3236 esse
272 3169 459 3236 adfirmaret
484 3168 643 3252 florilegio
672 3166 843 3248 Parisino,
875 3167 933 3232 sed
964 3167 1088 3252 pariter
1118 3189 1158 3234 ac
1187 3167 1359 3234 Richtcrus

172 3274 301 3341 erravit.
346 3296 421 3340 nam
445 3294 640 3357 quamquam
671 3272 833 3339 sententia
864 3271 935 3355 illa,
969 3273 997 3338 si
1029 3275 1180 3360 exempla
1210 3273 1360 3338 ePctro-

171 3379 225 3444 nio
248 3384 281 3443 et
304 3379 434 3444 Tibullo
458 3380 573 3445 adlata
602 3378 865 3461 consideramus,
896 3378 1139 3461 probabilitatis
1171 3376 1279 3460 specie
1302 3373 1357 3436 mi·

170 3502 265 3547 nume
281 3489 379 3563 caret,
396 3489 505 3548 tamen
521 3484 603 3566 ipsis
615 3483 812 3549 Tibullianis
829 3481 995 3564 utriusque
1012 3481 1173 3564 excerptis
1189 3478 1355 3543 refutatur.

170 3585 289 3652 etenim
320 3585 347 3649 si
382 3585 695 3652 Nostradamensem
725 3587 869 3653 codicem
901 3587 1093 3652 Vincentius
1127 3579 1356 3665 excerpsisset,

171 3711 234 3756 non
269 3689 443 3755 Vibullium
482 3695 614 3774 poetam
656 3698 791 3756 vocaret
832 3692 908 3776 (qui
943 3709 1030 3755 error
1070 3685 1214 3768 genetivi
1248 3683 1357 3750 forma

169 3795 344 3860 TIBVLLI
374 3793 606 3860 EXOERPTA
635 3801 731 3859 natus
764 3795 920 3875 videtur),
952 3812 1021 3856 oum
1052 3789 1086 3853 111
1116 3788 1171 3854 1110
1203 3797 1358 3876 excerpta

170 3899 216 3962 ita
243 3898 401 3984 incipiant
423 3899 582 3984 ,Tibullus
607 3896 647 3962 dc
678 3897 832 3963 felicitate
856 3895 1009 3980 pauperis
1032 3893 1140 3960 vitae‘.
1185 3903 1358 3980 praeterea

169 4009 234 4068 tr‘es
259 4002 446 4069 Viuoentius
476 4002 575 4068 habet
602 4002 692 4068 locos
723 4002 762 4086 (I,
797 4005 822 4084 l,
848 3999 947 4064 1-4:
971 4001 996 4080 I,
1020 4003 1049 4083 8,
1072 4000 1130 4068 46:
1154 4002 1179 4085 I,
1203 4003 1233 4085 9,
1256 4001 1312 4082 52)
1338 4022 1359 4065 a
1487 4035 1488 4084 ;

168 4106 326 4190 florilegio
349 4108 484 4175 alienos.
529 4108 600 4173 luce
623 4106 723 4190 igitur
745 4111 795 4172 est
819 4104 939 4171 clarius
963 4105 1048 4172 hunc
1080 4106 1186 4190 ipsum
1209 4107 1356 4174 codicem

170 4232 232 4276 non
256 4212 463 4296 compilatum
487 4231 558 4278 esse
590 4233 610 4278 a
635 4210 821 4293 Vincentio,
851 4210 912 4276 etsi
936 4231 975 4278 ne
1005 4212 1065 4279 hoc
1095 4213 1226 4295 quidem
1249 4231 1359 4296 quem·
