<?xml version="1.0" encoding="UTF-8"?>
<!DOCTYPE html PUBLIC "-//W3C//DTD XHTML 1.0 Transitional//EN"
    "http://www.w3.org/TR/xhtml1/DTD/xhtml1-transitional.dtd">
<html xmlns="http://www.w3.org/1999/xhtml" xml:lang="en" lang="en">
 <head>
  <title>
</title>
<meta http-equiv="Content-Type" content="text/html;charset=utf-8" />
  <meta name='ocr-system' content='tesseract 3.04.00' />
  <meta name='ocr-capabilities' content='ocr_page ocr_carea ocr_par ocr_line ocrx_word'/>
</head>
<body>
  <div class='ocr_page' id='page_1' title='image "./deexcerptistibv00protgoog_0044.png"; bbox 0 0 3004 4716; ppageno 0'>
   <div class='ocr_carea' id='block_1_1' title="bbox 724 213 766 288">
    <p class='ocr_par' dir='ltr' id='par_1_1' title="bbox 724 213 766 288">
     <span class='ocr_line' id='line_1_1' title="bbox 724 213 766 288; baseline -0.024 0"><span class='ocrx_word' id='word_1_1' title='bbox 724 213 766 288; x_wconf 83' lang='grc'><strong>35</strong></span> 
     </span>
    </p>
   </div>
   <div class='ocr_carea' id='block_1_2' title="bbox 150 420 1358 3752">
    <p class='ocr_par' dir='ltr' id='par_1_2' title="bbox 150 420 1358 3752">
     <span class='ocr_line' id='line_1_2' title="bbox 160 420 1344 520; baseline -0.006 -18"><span class='ocrx_word' id='word_1_2' title='bbox 160 433 214 502; x_wconf 89' lang='lat' dir='ltr'><strong>nbi</strong></span> <span class='ocrx_word' id='word_1_3' title='bbox 246 433 328 500; x_wconf 88' lang='lat' dir='ltr'><strong>haec</strong></span> <span class='ocrx_word' id='word_1_4' title='bbox 361 431 515 516; x_wconf 84' lang='lat' dir='ltr'><strong>leguntur</strong></span> <span class='ocrx_word' id='word_1_5' title='bbox 548 440 651 516; x_wconf 87' lang='lat' dir='ltr'><strong>,casta</strong></span> <span class='ocrx_word' id='word_1_6' title='bbox 684 455 799 520; x_wconf 85' lang='lat' dir='ltr'><strong>precor</strong></span> <span class='ocrx_word' id='word_1_7' title='bbox 833 431 973 500; x_wconf 90' lang='lat' dir='ltr'><strong>coniunx</strong></span> <span class='ocrx_word' id='word_1_8' title='bbox 1008 453 1142 500; x_wconf 89' lang='lat' dir='ltr'><strong>maneas</strong></span> <span class='ocrx_word' id='word_1_9' title='bbox 1174 420 1344 514; x_wconf 75' lang='lat' dir='ltr'><strong>sanctique</strong></span> 
     </span>
     <span class='ocr_line' id='line_1_3' title="bbox 154 537 1347 626; baseline -0.005 -22"><span class='ocrx_word' id='word_1_10' title='bbox 154 541 291 624; x_wconf 88' lang='lat' dir='ltr'><strong>pudoris</strong></span> <span class='ocrx_word' id='word_1_11' title='bbox 315 537 495 603; x_wconf 84' lang='lat' dir='ltr'><strong>adsiderat‘</strong></span> <span class='ocrx_word' id='word_1_12' title='bbox 519 538 605 624; x_wconf 84' lang='lat' dir='ltr'><strong>[lege</strong></span> <span class='ocrx_word' id='word_1_13' title='bbox 619 537 806 626; x_wconf 69' lang='lat' dir='ltr'><strong>adsideat]</strong></span> <span class='ocrx_word' id='word_1_14' title='bbox 830 545 950 620; x_wconf 86' lang='lat' dir='ltr'><strong>,custos</strong></span> <span class='ocrx_word' id='word_1_15' title='bbox 967 537 1084 604; x_wconf 91' lang='lat' dir='ltr'><strong>sedula</strong></span> <span class='ocrx_word' id='word_1_16' title='bbox 1104 556 1231 620; x_wconf 90' lang='lat' dir='ltr'><strong>semper</strong></span> <span class='ocrx_word' id='word_1_17' title='bbox 1254 555 1347 602; x_wconf 89' lang='lat' dir='ltr'><strong>auus.</strong></span> 
     </span>
     <span class='ocr_line' id='line_1_4' title="bbox 153 639 1348 709; baseline -0.004 -1"><span class='ocrx_word' id='word_1_18' title='bbox 153 664 216 708; x_wconf 91' lang='lat' dir='ltr'><strong>nec</strong></span> <span class='ocrx_word' id='word_1_19' title='bbox 239 663 341 708; x_wconf 85' lang='lat' dir='ltr'><strong>saevo</strong></span> <span class='ocrx_word' id='word_1_20' title='bbox 366 642 412 708; x_wconf 84' lang='lat' dir='ltr'><strong>sis</strong></span> <span class='ocrx_word' id='word_1_21' title='bbox 429 649 522 707; x_wconf 90' lang='lat' dir='ltr'><strong>casta</strong></span> <span class='ocrx_word' id='word_1_22' title='bbox 545 649 631 708; x_wconf 88' lang='lat' dir='ltr'><strong>metu</strong></span> <span class='ocrx_word' id='word_1_23' title='bbox 648 642 707 709; x_wconf 88' lang='lat' dir='ltr'><strong>sed</strong></span> <span class='ocrx_word' id='word_1_24' title='bbox 722 649 829 708; x_wconf 90' lang='lat' dir='ltr'><strong>mente</strong></span> <span class='ocrx_word' id='word_1_25' title='bbox 853 641 952 708; x_wconf 89' lang='lat' dir='ltr'><strong>fideli.</strong></span> <span class='ocrx_word' id='word_1_26' title='bbox 983 648 1131 708; x_wconf 88' lang='lat' dir='ltr'><strong>versatur</strong></span> <span class='ocrx_word' id='word_1_27' title='bbox 1155 639 1253 706; x_wconf 84' lang='lat' dir='ltr'><strong>celeri</strong></span> <span class='ocrx_word' id='word_1_28' title='bbox 1276 658 1348 704; x_wconf 88' lang='lat' dir='ltr'><strong>sors</strong></span> 
     </span>
     <span class='ocr_line' id='line_1_5' title="bbox 150 743 1348 832; baseline -0.004 -20"><span class='ocrx_word' id='word_1_29' title='bbox 150 749 240 814; x_wconf 85' lang='lat' dir='ltr'><strong>levis</strong></span> <span class='ocrx_word' id='word_1_30' title='bbox 272 749 350 813; x_wconf 87' lang='lat' dir='ltr'><strong>orbe</strong></span> <span class='ocrx_word' id='word_1_31' title='bbox 382 747 471 812; x_wconf 89' lang='lat' dir='ltr'><strong>cito‘:</strong></span> <span class='ocrx_word' id='word_1_32' title='bbox 506 747 639 813; x_wconf 88' lang='lat' dir='ltr'><strong>conflati</strong></span> <span class='ocrx_word' id='word_1_33' title='bbox 674 755 748 813; x_wconf 91' lang='lat' dir='ltr'><strong>sunt</strong></span> <span class='ocrx_word' id='word_1_34' title='bbox 778 756 844 814; x_wconf 85' lang='lat' dir='ltr'><strong>tres</strong></span> <span class='ocrx_word' id='word_1_35' title='bbox 868 746 949 832; x_wconf 90' lang='lat' dir='ltr'><strong>loci,</strong></span> <span class='ocrx_word' id='word_1_36' title='bbox 980 765 1062 812; x_wconf 88' lang='lat' dir='ltr'><strong>unus</strong></span> <span class='ocrx_word' id='word_1_37' title='bbox 1092 745 1122 828; x_wconf 91' lang='lat' dir='ltr'><strong>I,</strong></span> <span class='ocrx_word' id='word_1_38' title='bbox 1157 745 1186 825; x_wconf 90' lang='lat'><strong>3,</strong></span> <span class='ocrx_word' id='word_1_39' title='bbox 1210 743 1348 826; x_wconf 85' lang='lat'><strong>83-84,</strong></span> 
     </span>
     <span class='ocr_line' id='line_1_6' title="bbox 153 848 1348 936; baseline -0.004 -19"><span class='ocrx_word' id='word_1_40' title='bbox 153 853 242 917; x_wconf 92' lang='lat' dir='ltr'><strong>alter</strong></span> <span class='ocrx_word' id='word_1_41' title='bbox 264 851 290 935; x_wconf 95' lang='lat' dir='ltr'><strong>I,</strong></span> <span class='ocrx_word' id='word_1_42' title='bbox 315 856 344 932; x_wconf 84' lang='lat' dir='ltr'><strong>c,</strong></span> <span class='ocrx_word' id='word_1_43' title='bbox 369 851 420 933; x_wconf 82' lang='grc'><strong>75,</strong></span> <span class='ocrx_word' id='word_1_44' title='bbox 450 851 564 918; x_wconf 89' lang='lat' dir='ltr'><strong>tertius</strong></span> <span class='ocrx_word' id='word_1_45' title='bbox 595 852 624 936; x_wconf 95' lang='lat' dir='ltr'><strong>I,</strong></span> <span class='ocrx_word' id='word_1_46' title='bbox 655 853 693 932; x_wconf 90' lang='grc'><strong>5,</strong></span> <span class='ocrx_word' id='word_1_47' title='bbox 723 854 773 918; x_wconf 83' lang='grc'>10.</span> <span class='ocrx_word' id='word_1_48' title='bbox 820 852 925 918; x_wconf 87' lang='lat' dir='ltr'><strong>eidem</strong></span> <span class='ocrx_word' id='word_1_49' title='bbox 954 857 1020 917; x_wconf 87' lang='lat' dir='ltr'><strong>tres</strong></span> <span class='ocrx_word' id='word_1_50' title='bbox 1051 848 1114 916; x_wconf 91' lang='lat' dir='ltr'><strong>loci</strong></span> <span class='ocrx_word' id='word_1_51' title='bbox 1145 848 1348 932; x_wconf 86' lang='lat' dir='ltr'><strong>reperiuntur</strong></span> 
     </span>
     <span class='ocr_line' id='line_1_7' title="bbox 157 953 1351 1039; baseline -0.003 -20"><span class='ocrx_word' id='word_1_52' title='bbox 157 957 276 1020; x_wconf 89' lang='lat' dir='ltr'><strong>iterum</strong></span> <span class='ocrx_word' id='word_1_53' title='bbox 300 955 466 1021; x_wconf 85' lang='lat' dir='ltr'><strong>coniuncti</strong></span> <span class='ocrx_word' id='word_1_54' title='bbox 482 957 501 1021; x_wconf 92' lang='grc'>1.</span> <span class='ocrx_word' id='word_1_55' title='bbox 518 976 545 1024; x_wconf 90' lang='lat' dir='ltr'><strong>c.</strong></span> <span class='ocrx_word' id='word_1_56' title='bbox 562 956 635 1038; x_wconf 87' lang='lat' dir='ltr'><strong>Vll,</strong></span> <span class='ocrx_word' id='word_1_57' title='bbox 659 955 729 1038; x_wconf 73' lang='lat'><strong>3⁷³)</strong></span> <span class='ocrx_word' id='word_1_58' title='bbox 770 957 826 1039; x_wconf 90' lang='lat' dir='ltr'><strong>qui</strong></span> <span class='ocrx_word' id='word_1_59' title='bbox 849 975 971 1039; x_wconf 81' lang='lat' dir='ltr'>quaeso</span> <span class='ocrx_word' id='word_1_60' title='bbox 987 953 1072 1019; x_wconf 90' lang='lat' dir='ltr'><strong>hanc</strong></span> <span class='ocrx_word' id='word_1_61' title='bbox 1093 971 1244 1017; x_wconf 82' lang='lat' dir='ltr'><strong>versuum</strong></span> <span class='ocrx_word' id='word_1_62' title='bbox 1268 971 1351 1017; x_wconf 91' lang='lat' dir='ltr'><strong>com-</strong></span> 
     </span>
     <span class='ocr_line' id='line_1_8' title="bbox 163 1059 1351 1144; baseline -0.002 -22"><span class='ocrx_word' id='word_1_63' title='bbox 163 1059 351 1126; x_wconf 81' lang='lat' dir='ltr'><strong>mixtionem</strong></span> <span class='ocrx_word' id='word_1_64' title='bbox 386 1061 418 1124; x_wconf 94' lang='lat' dir='ltr'><strong>in</strong></span> <span class='ocrx_word' id='word_1_65' title='bbox 451 1080 515 1143; x_wconf 90' lang='lat' dir='ltr'><strong>qua</strong></span> <span class='ocrx_word' id='word_1_66' title='bbox 549 1079 590 1126; x_wconf 89' lang='lat' dir='ltr'><strong>ne</strong></span> <span class='ocrx_word' id='word_1_67' title='bbox 626 1060 706 1127; x_wconf 89' lang='lat' dir='ltr'><strong>ordo</strong></span> <span class='ocrx_word' id='word_1_68' title='bbox 741 1061 870 1144; x_wconf 89' lang='lat' dir='ltr'><strong>quidem</strong></span> <span class='ocrx_word' id='word_1_69' title='bbox 904 1059 1083 1125; x_wconf 89' lang='lat' dir='ltr'><strong>carminum</strong></span> <span class='ocrx_word' id='word_1_70' title='bbox 1117 1063 1266 1122; x_wconf 85' lang='lat' dir='ltr'><strong>servatus</strong></span> <span class='ocrx_word' id='word_1_71' title='bbox 1301 1063 1351 1121; x_wconf 91' lang='lat' dir='ltr'><strong>est</strong></span> 
     </span>
     <span class='ocr_line' id='line_1_9' title="bbox 161 1163 1348 1249; baseline -0.003 -21"><span class='ocrx_word' id='word_1_72' title='bbox 161 1163 384 1248; x_wconf 83' lang='lat' dir='ltr'><strong>expediamus,</strong></span> <span class='ocrx_word' id='word_1_73' title='bbox 407 1164 517 1230; x_wconf 87' lang='lat' dir='ltr'><strong>nisisi</strong></span> <span class='ocrx_word' id='word_1_74' title='bbox 540 1166 705 1249; x_wconf 77' lang='lat' dir='ltr'><strong>excerptis</strong></span> <span class='ocrx_word' id='word_1_75' title='bbox 721 1164 928 1232; x_wconf 89' lang='lat' dir='ltr'><strong>Vincentium</strong></span> <span class='ocrx_word' id='word_1_76' title='bbox 950 1185 1043 1230; x_wconf 89' lang='lat' dir='ltr'><strong>usum</strong></span> <span class='ocrx_word' id='word_1_77' title='bbox 1059 1181 1132 1228; x_wconf 86' lang='lat' dir='ltr'><strong>csse</strong></span> <span class='ocrx_word' id='word_1_78' title='bbox 1155 1166 1348 1240; x_wconf 81' lang='lat' dir='ltr'><strong>statuamus,</strong></span> 
     </span>
     <span class='ocr_line' id='line_1_10' title="bbox 160 1265 1347 1350; baseline -0.003 -18"><span class='ocrx_word' id='word_1_79' title='bbox 160 1269 192 1332; x_wconf 94' lang='lat' dir='ltr'><strong>in</strong></span> <span class='ocrx_word' id='word_1_80' title='bbox 216 1267 333 1350; x_wconf 89' lang='lat' dir='ltr'><strong>quibus</strong></span> <span class='ocrx_word' id='word_1_81' title='bbox 357 1268 483 1350; x_wconf 82' lang='lat' dir='ltr'><strong>singuli.</strong></span> <span class='ocrx_word' id='word_1_82' title='bbox 508 1270 572 1335; x_wconf 91' lang='lat' dir='ltr'><strong>loci</strong></span> <span class='ocrx_word' id='word_1_83' title='bbox 604 1269 717 1336; x_wconf 90' lang='lat' dir='ltr'><strong>ordine</strong></span> <span class='ocrx_word' id='word_1_84' title='bbox 740 1270 796 1334; x_wconf 90' lang='lat' dir='ltr'><strong>illo</strong></span> <span class='ocrx_word' id='word_1_85' title='bbox 828 1269 912 1334; x_wconf 91' lang='lat' dir='ltr'><strong>inter</strong></span> <span class='ocrx_word' id='word_1_86' title='bbox 944 1289 979 1334; x_wconf 88' lang='lat' dir='ltr'><strong>se</strong></span> <span class='ocrx_word' id='word_1_87' title='bbox 1007 1265 1207 1350; x_wconf 84' lang='lat' dir='ltr'><strong>exceperint.</strong></span> <span class='ocrx_word' id='word_1_88' title='bbox 1253 1283 1347 1346; x_wconf 89' lang='lat' dir='ltr'><strong>qnam</strong></span> 
     </span>
     <span class='ocr_line' id='line_1_11' title="bbox 159 1367 1350 1457; baseline -0.006 -20"><span class='ocrx_word' id='word_1_89' title='bbox 159 1373 290 1438; x_wconf 90' lang='lat' dir='ltr'><strong>iurem</strong></span> <span class='ocrx_word' id='word_1_90' title='bbox 314 1378 441 1455; x_wconf 86' lang='lat' dir='ltr'><strong>optume</strong></span> <span class='ocrx_word' id='word_1_91' title='bbox 466 1374 624 1457; x_wconf 80' lang='lat' dir='ltr'><strong>quadrat,</strong></span> <span class='ocrx_word' id='word_1_92' title='bbox 652 1375 738 1457; x_wconf 91' lang='lat' dir='ltr'><strong>quod</strong></span> <span class='ocrx_word' id='word_1_93' title='bbox 769 1375 869 1440; x_wconf 88' lang='lat' dir='ltr'><strong>etiam</strong></span> <span class='ocrx_word' id='word_1_94' title='bbox 896 1373 929 1438; x_wconf 94' lang='lat' dir='ltr'><strong>in</strong></span> <span class='ocrx_word' id='word_1_95' title='bbox 958 1367 1273 1440; x_wconf 86' lang='lat' dir='ltr'><strong>Notradameusibus</strong></span> <span class='ocrx_word' id='word_1_96' title='bbox 1297 1385 1350 1431; x_wconf 88' lang='lat' dir='ltr'><strong>ex-</strong></span> 
     </span>
     <span class='ocr_line' id='line_1_12' title="bbox 161 1470 1348 1561; baseline -0.006 -20"><span class='ocrx_word' id='word_1_97' title='bbox 161 1476 286 1558; x_wconf 88' lang='lat' dir='ltr'><strong>cerptis</strong></span> <span class='ocrx_word' id='word_1_98' title='bbox 319 1496 428 1542; x_wconf 85' lang='lat' dir='ltr'><strong>versus</strong></span> <span class='ocrx_word' id='word_1_99' title='bbox 463 1498 534 1561; x_wconf 89' lang='lat' dir='ltr'><strong>,nec</strong></span> <span class='ocrx_word' id='word_1_100' title='bbox 562 1497 661 1544; x_wconf 87' lang='lat' dir='ltr'><strong>saevo</strong></span> <span class='ocrx_word' id='word_1_101' title='bbox 696 1478 742 1544; x_wconf 89' lang='lat' dir='ltr'><strong>sis</strong></span> <span class='ocrx_word' id='word_1_102' title='bbox 777 1484 869 1544; x_wconf 88' lang='lat' dir='ltr'><strong>casta</strong></span> <span class='ocrx_word' id='word_1_103' title='bbox 903 1483 990 1542; x_wconf 91' lang='lat' dir='ltr'><strong>metu</strong></span> <span class='ocrx_word' id='word_1_104' title='bbox 1019 1475 1078 1539; x_wconf 87' lang='lat' dir='ltr'><strong>sed</strong></span> <span class='ocrx_word' id='word_1_105' title='bbox 1112 1478 1220 1538; x_wconf 91' lang='lat' dir='ltr'><strong>mente</strong></span> <span class='ocrx_word' id='word_1_106' title='bbox 1248 1470 1348 1535; x_wconf 85' lang='lat' dir='ltr'><strong>tideli‘</strong></span> 
     </span>
     <span class='ocr_line' id='line_1_13' title="bbox 166 1573 1350 1666; baseline -0.006 -23"><span class='ocrx_word' id='word_1_107' title='bbox 166 1581 206 1663; x_wconf 89' lang='lat' dir='ltr'><strong>(l,</strong></span> <span class='ocrx_word' id='word_1_108' title='bbox 231 1581 260 1660; x_wconf 89' lang='grc'><strong>6,</strong></span> <span class='ocrx_word' id='word_1_109' title='bbox 284 1580 337 1664; x_wconf 81' lang='lat'><strong>75)</strong></span> <span class='ocrx_word' id='word_1_110' title='bbox 360 1581 529 1664; x_wconf 89' lang='lat' dir='ltr'><strong>praecedit</strong></span> <span class='ocrx_word' id='word_1_111' title='bbox 558 1581 607 1646; x_wconf 92' lang='lat' dir='ltr'><strong>illi</strong></span> <span class='ocrx_word' id='word_1_112' title='bbox 636 1588 797 1666; x_wconf 88' lang='lat' dir='ltr'><strong>,versatur</strong></span> <span class='ocrx_word' id='word_1_113' title='bbox 825 1581 923 1648; x_wconf 90' lang='lat' dir='ltr'><strong>celeri</strong></span> <span class='ocrx_word' id='word_1_114' title='bbox 954 1600 1024 1647; x_wconf 90' lang='lat' dir='ltr'><strong>sors</strong></span> <span class='ocrx_word' id='word_1_115' title='bbox 1054 1578 1137 1644; x_wconf 84' lang='lat' dir='ltr'><strong>levis</strong></span> <span class='ocrx_word' id='word_1_116' title='bbox 1166 1576 1244 1642; x_wconf 91' lang='lat' dir='ltr'><strong>orbe</strong></span> <span class='ocrx_word' id='word_1_117' title='bbox 1275 1573 1350 1638; x_wconf 82' lang='lat' dir='ltr'><strong>cito‘</strong></span> 
     </span>
     <span class='ocr_line' id='line_1_14' title="bbox 168 1678 1352 1770; baseline -0.006 -23"><span class='ocrx_word' id='word_1_118' title='bbox 168 1685 206 1766; x_wconf 92' lang='lat' dir='ltr'><strong>(l,</strong></span> <span class='ocrx_word' id='word_1_119' title='bbox 228 1683 257 1767; x_wconf 88' lang='lat'><strong>5,</strong></span> <span class='ocrx_word' id='word_1_120' title='bbox 282 1685 344 1769; x_wconf 79' lang='lat'><strong>70).</strong></span> <span class='ocrx_word' id='word_1_121' title='bbox 389 1686 501 1767; x_wconf 89' lang='lat' dir='ltr'><strong>itaque</strong></span> <span class='ocrx_word' id='word_1_122' title='bbox 521 1685 587 1750; x_wconf 88' lang='lat' dir='ltr'><strong>iam</strong></span> <span class='ocrx_word' id='word_1_123' title='bbox 611 1707 675 1751; x_wconf 93' lang='lat' dir='ltr'><strong>non</strong></span> <span class='ocrx_word' id='word_1_124' title='bbox 692 1686 803 1752; x_wconf 90' lang='lat' dir='ltr'><strong>dubito</strong></span> <span class='ocrx_word' id='word_1_125' title='bbox 827 1687 903 1770; x_wconf 93' lang='lat' dir='ltr'><strong>quin</strong></span> <span class='ocrx_word' id='word_1_126' title='bbox 927 1685 1042 1751; x_wconf 89' lang='lat' dir='ltr'><strong>eadem</strong></span> <span class='ocrx_word' id='word_1_127' title='bbox 1066 1683 1149 1747; x_wconf 90' lang='lat' dir='ltr'><strong>inter</strong></span> <span class='ocrx_word' id='word_1_128' title='bbox 1164 1678 1352 1745; x_wconf 84' lang='lat' dir='ltr'><strong>Tibulliana</strong></span> 
     </span>
     <span class='ocr_line' id='line_1_15' title="bbox 169 1782 1352 1874; baseline -0.004 -23"><span class='ocrx_word' id='word_1_129' title='bbox 169 1787 340 1852; x_wconf 89' lang='lat' dir='ltr'><strong>Vincentii.</strong></span> <span class='ocrx_word' id='word_1_130' title='bbox 356 1796 388 1854; x_wconf 91' lang='lat' dir='ltr'><strong>et</strong></span> <span class='ocrx_word' id='word_1_131' title='bbox 411 1788 563 1872; x_wconf 81' lang='lat' dir='ltr'><strong>florilegii</strong></span> <span class='ocrx_word' id='word_1_132' title='bbox 583 1789 726 1856; x_wconf 91' lang='lat' dir='ltr'><strong>Parisini</strong></span> <span class='ocrx_word' id='word_1_133' title='bbox 749 1797 903 1874; x_wconf 89' lang='lat' dir='ltr'><strong>excerpta</strong></span> <span class='ocrx_word' id='word_1_134' title='bbox 926 1786 1108 1854; x_wconf 80' lang='lat' dir='ltr'><strong>intercedat</strong></span> <span class='ocrx_word' id='word_1_135' title='bbox 1136 1782 1352 1864; x_wconf 78' lang='lat' dir='ltr'><strong>necessitudo,</strong></span> 
     </span>
     <span class='ocr_line' id='line_1_16' title="bbox 158 1890 1352 1978; baseline -0.003 -21"><span class='ocrx_word' id='word_1_136' title='bbox 158 1913 254 1974; x_wconf 87' lang='lat' dir='ltr'><strong>quam</strong></span> <span class='ocrx_word' id='word_1_137' title='bbox 277 1894 364 1958; x_wconf 87' lang='lat' dir='ltr'><strong>inter</strong></span> <span class='ocrx_word' id='word_1_138' title='bbox 388 1892 557 1975; x_wconf 88' lang='lat' dir='ltr'><strong>utriusque</strong></span> <span class='ocrx_word' id='word_1_139' title='bbox 581 1903 735 1978; x_wconf 86' lang='lat' dir='ltr'><strong>excerpta</strong></span> <span class='ocrx_word' id='word_1_140' title='bbox 757 1895 957 1961; x_wconf 86' lang='lat' dir='ltr'><strong>Petroniana</strong></span> <span class='ocrx_word' id='word_1_141' title='bbox 981 1890 1182 1958; x_wconf 85' lang='lat' dir='ltr'><strong>intercedere</strong></span> <span class='ocrx_word' id='word_1_142' title='bbox 1214 1893 1352 1954; x_wconf 89' lang='lat' dir='ltr'><strong>constat.</strong></span> 
     </span>
     <span class='ocr_line' id='line_1_17' title="bbox 160 1991 1352 2082; baseline -0.004 -22"><span class='ocrx_word' id='word_1_143' title='bbox 160 1997 349 2062; x_wconf 85' lang='lat' dir='ltr'><strong>Vincentius</strong></span> <span class='ocrx_word' id='word_1_144' title='bbox 373 1997 459 2062; x_wconf 90' lang='lat' dir='ltr'><strong>euim</strong></span> <span class='ocrx_word' id='word_1_145' title='bbox 483 1997 566 2063; x_wconf 90' lang='lat' dir='ltr'><strong>nihil</strong></span> <span class='ocrx_word' id='word_1_146' title='bbox 589 2018 606 2063; x_wconf 91' lang='lat' dir='ltr'><strong>e</strong></span> <span class='ocrx_word' id='word_1_147' title='bbox 629 1999 781 2065; x_wconf 88' lang='lat' dir='ltr'><strong>Petronio</strong></span> <span class='ocrx_word' id='word_1_148' title='bbox 805 1999 923 2082; x_wconf 88' lang='lat' dir='ltr'><strong>adfert,</strong></span> <span class='ocrx_word' id='word_1_149' title='bbox 955 1996 1042 2078; x_wconf 90' lang='lat' dir='ltr'><strong>quod</strong></span> <span class='ocrx_word' id='word_1_150' title='bbox 1073 2016 1137 2061; x_wconf 93' lang='lat' dir='ltr'><strong>non</strong></span> <span class='ocrx_word' id='word_1_151' title='bbox 1160 1991 1352 2074; x_wconf 84' lang='lat' dir='ltr'><strong>florilegium</strong></span> 
     </span>
     <span class='ocr_line' id='line_1_18' title="bbox 164 2098 1351 2188; baseline -0.001 -27"><span class='ocrx_word' id='word_1_152' title='bbox 164 2099 347 2164; x_wconf 81' lang='lat' dir='ltr'><strong>Parisinum</strong></span> <span class='ocrx_word' id='word_1_153' title='bbox 363 2101 524 2184; x_wconf 91' lang='lat' dir='ltr'><strong>exhibeat,</strong></span> <span class='ocrx_word' id='word_1_154' title='bbox 548 2101 700 2186; x_wconf 86' lang='lat' dir='ltr'><strong>florilegii</strong></span> <span class='ocrx_word' id='word_1_155' title='bbox 717 2111 873 2188; x_wconf 87' lang='lat' dir='ltr'><strong>excerpta</strong></span> <span class='ocrx_word' id='word_1_156' title='bbox 889 2101 1089 2169; x_wconf 86' lang='lat' dir='ltr'><strong>Petroniana</strong></span> <span class='ocrx_word' id='word_1_157' title='bbox 1105 2119 1238 2164; x_wconf 90' lang='lat' dir='ltr'><strong>numero</strong></span> <span class='ocrx_word' id='word_1_158' title='bbox 1254 2098 1351 2178; x_wconf 86' lang='lat' dir='ltr'><strong>longe</strong></span> 
     </span>
     <span class='ocr_line' id='line_1_19' title="bbox 167 2201 1354 2292; baseline 0 -28"><span class='ocrx_word' id='word_1_159' title='bbox 167 2208 242 2265; x_wconf 87' lang='lat' dir='ltr'><strong>sunt</strong></span> <span class='ocrx_word' id='word_1_160' title='bbox 272 2203 452 2286; x_wconf 87' lang='lat' dir='ltr'><strong>copiosiora</strong></span> <span class='ocrx_word' id='word_1_161' title='bbox 487 2225 584 2288; x_wconf 87' lang='lat' dir='ltr'><strong>quam</strong></span> <span class='ocrx_word' id='word_1_162' title='bbox 614 2207 792 2291; x_wconf 88' lang='lat' dir='ltr'><strong>Vincentii,</strong></span> <span class='ocrx_word' id='word_1_163' title='bbox 832 2207 1011 2292; x_wconf 87' lang='lat' dir='ltr'><strong>scripturae</strong></span> <span class='ocrx_word' id='word_1_164' title='bbox 1048 2211 1156 2270; x_wconf 89' lang='lat' dir='ltr'><strong>autem</strong></span> <span class='ocrx_word' id='word_1_165' title='bbox 1186 2201 1354 2283; x_wconf 87' lang='lat' dir='ltr'><strong>utriusque</strong></span> 
     </span>
     <span class='ocr_line' id='line_1_20' title="bbox 169 2305 1355 2394; baseline 0.002 -26"><span class='ocrx_word' id='word_1_166' title='bbox 169 2305 282 2369; x_wconf 89' lang='lat' dir='ltr'><strong>mirum</strong></span> <span class='ocrx_word' id='word_1_167' title='bbox 307 2306 339 2369; x_wconf 94' lang='lat' dir='ltr'><strong>in</strong></span> <span class='ocrx_word' id='word_1_168' title='bbox 362 2309 485 2376; x_wconf 90' lang='lat' dir='ltr'><strong>modum</strong></span> <span class='ocrx_word' id='word_1_169' title='bbox 511 2311 711 2376; x_wconf 84' lang='lat' dir='ltr'><strong>concordant</strong></span> <span class='ocrx_word' id='word_1_170' title='bbox 740 2311 838 2376; x_wconf 91' lang='lat' dir='ltr'><strong>etiam</strong></span> <span class='ocrx_word' id='word_1_171' title='bbox 867 2312 900 2376; x_wconf 92' lang='lat' dir='ltr'><strong>in</strong></span> <span class='ocrx_word' id='word_1_172' title='bbox 925 2309 1114 2394; x_wconf 89' lang='lat' dir='ltr'><strong>corruptelis</strong></span> <span class='ocrx_word' id='word_1_173' title='bbox 1126 2306 1173 2388; x_wconf 68' lang='grc'><strong>74).</strong></span> <span class='ocrx_word' id='word_1_174' title='bbox 1219 2305 1355 2386; x_wconf 89' lang='lat' dir='ltr'><strong>nequis</strong></span> 
     </span>
     <span class='ocr_line' id='line_1_21' title="bbox 165 2409 1355 2495; baseline -0.001 -23"><span class='ocrx_word' id='word_1_175' title='bbox 165 2409 319 2492; x_wconf 87' lang='lat' dir='ltr'><strong>exempla</strong></span> <span class='ocrx_word' id='word_1_176' title='bbox 343 2409 513 2495; x_wconf 87' lang='lat' dir='ltr'><strong>desideret,</strong></span> <span class='ocrx_word' id='word_1_177' title='bbox 541 2414 576 2480; x_wconf 92' lang='lat' dir='ltr'><strong>in</strong></span> <span class='ocrx_word' id='word_1_178' title='bbox 599 2416 670 2483; x_wconf 90' lang='lat' dir='ltr'><strong>cod.</strong></span> <span class='ocrx_word' id='word_1_179' title='bbox 701 2415 809 2482; x_wconf 90' lang='lat' dir='ltr'><strong>Nostr.</strong></span> <span class='ocrx_word' id='word_1_180' title='bbox 839 2415 870 2480; x_wconf 94' lang='lat' dir='ltr'><strong>hi</strong></span> <span class='ocrx_word' id='word_1_181' title='bbox 904 2434 1017 2480; x_wconf 87' lang='lat' dir='ltr'><strong>versus</strong></span> <span class='ocrx_word' id='word_1_182' title='bbox 1047 2414 1198 2495; x_wconf 84' lang='lat' dir='ltr'><strong>leguntur</strong></span> <span class='ocrx_word' id='word_1_183' title='bbox 1229 2416 1290 2474; x_wconf 88' lang='lat' dir='ltr'><strong>sat.</strong></span> <span class='ocrx_word' id='word_1_184' title='bbox 1316 2412 1355 2472; x_wconf 86' lang='grc'>14</span> 
     </span>
     <span class='ocr_line' id='line_1_22' title="bbox 163 2514 655 2602; baseline 0.01 -24"><span class='ocrx_word' id='word_1_185' title='bbox 163 2514 256 2598; x_wconf 83' lang='lat' dir='ltr'><strong>(pag.</strong></span> <span class='ocrx_word' id='word_1_186' title='bbox 277 2514 327 2598; x_wconf 86' lang='lat'><strong>15,</strong></span> <span class='ocrx_word' id='word_1_187' title='bbox 354 2515 447 2598; x_wconf 83' lang='grc'>7-8,</span> <span class='ocrx_word' id='word_1_188' title='bbox 473 2520 503 2581; x_wconf 91' lang='grc'><strong>11</strong></span> <span class='ocrx_word' id='word_1_189' title='bbox 524 2519 655 2602; x_wconf 81' lang='lat' dir='ltr'><strong>Bacch.)</strong></span> 
     </span>
     <span class='ocr_line' id='line_1_23' title="bbox 263 2618 1076 2707; baseline 0.005 -25"><span class='ocrx_word' id='word_1_190' title='bbox 263 2618 358 2701; x_wconf 88' lang='lat' dir='ltr'><strong>,quid</strong></span> <span class='ocrx_word' id='word_1_191' title='bbox 376 2618 494 2686; x_wconf 82' lang='lat' dir='ltr'><strong>fatiunt</strong></span> <span class='ocrx_word' id='word_1_192' title='bbox 509 2623 599 2704; x_wconf 83' lang='lat' dir='ltr'><strong>leges</strong></span> <span class='ocrx_word' id='word_1_193' title='bbox 623 2623 678 2688; x_wconf 92' lang='lat' dir='ltr'><strong>ubi</strong></span> <span class='ocrx_word' id='word_1_194' title='bbox 703 2624 774 2688; x_wconf 89' lang='lat' dir='ltr'><strong>sola</strong></span> <span class='ocrx_word' id='word_1_195' title='bbox 797 2625 937 2707; x_wconf 90' lang='lat' dir='ltr'><strong>pecunia</strong></span> <span class='ocrx_word' id='word_1_196' title='bbox 959 2628 1076 2706; x_wconf 85' lang='lat' dir='ltr'><strong>regnat</strong></span> 
     </span>
     <span class='ocr_line' id='line_1_24' title="bbox 313 2723 1065 2812; baseline 0.004 -24"><span class='ocrx_word' id='word_1_197' title='bbox 313 2729 371 2789; x_wconf 90' lang='lat' dir='ltr'><strong>aut</strong></span> <span class='ocrx_word' id='word_1_198' title='bbox 396 2723 449 2790; x_wconf 92' lang='lat' dir='ltr'><strong>nbi</strong></span> <span class='ocrx_word' id='word_1_199' title='bbox 473 2733 653 2810; x_wconf 89' lang='lat' dir='ltr'><strong>paupertas</strong></span> <span class='ocrx_word' id='word_1_200' title='bbox 684 2728 812 2793; x_wconf 91' lang='lat' dir='ltr'><strong>uincere</strong></span> <span class='ocrx_word' id='word_1_201' title='bbox 834 2728 925 2793; x_wconf 91' lang='lat' dir='ltr'><strong>nulla</strong></span> <span class='ocrx_word' id='word_1_202' title='bbox 948 2733 1065 2812; x_wconf 89' lang='lat' dir='ltr'><strong>potest.</strong></span> 
     </span>
     <span class='ocr_line' id='line_1_25' title="bbox 315 2827 1274 2915; baseline 0.005 -24"><span class='ocrx_word' id='word_1_203' title='bbox 315 2827 381 2892; x_wconf 90' lang='lat' dir='ltr'><strong>iam</strong></span> <span class='ocrx_word' id='word_1_204' title='bbox 413 2848 497 2894; x_wconf 89' lang='lat' dir='ltr'><strong>nune</strong></span> <span class='ocrx_word' id='word_1_205' title='bbox 520 2830 670 2896; x_wconf 90' lang='lat' dir='ltr'><strong>iuditium</strong></span> <span class='ocrx_word' id='word_1_206' title='bbox 693 2830 792 2895; x_wconf 91' lang='lat' dir='ltr'><strong>nichil</strong></span> <span class='ocrx_word' id='word_1_207' title='bbox 816 2839 867 2897; x_wconf 89' lang='lat' dir='ltr'><strong>est</strong></span> <span class='ocrx_word' id='word_1_208' title='bbox 890 2831 951 2896; x_wconf 88' lang='lat' dir='ltr'><strong>nisi</strong></span> <span class='ocrx_word' id='word_1_209' title='bbox 976 2832 1108 2915; x_wconf 91' lang='lat' dir='ltr'><strong>publica</strong></span> <span class='ocrx_word' id='word_1_210' title='bbox 1131 2832 1274 2896; x_wconf 87' lang='lat' dir='ltr'><strong>meroes‘.</strong></span> 
     </span>
     <span class='ocr_line' id='line_1_26' title="bbox 172 2928 852 3002; baseline 0.015 -10"><span class='ocrx_word' id='word_1_211' title='bbox 172 2928 355 2998; x_wconf 90' lang='lat' dir='ltr'><strong>Vincentius</strong></span> <span class='ocrx_word' id='word_1_212' title='bbox 379 2933 439 2999; x_wconf 92' lang='lat' dir='ltr'><strong>hos</strong></span> <span class='ocrx_word' id='word_1_213' title='bbox 464 2953 578 2999; x_wconf 86' lang='lat' dir='ltr'><strong>versus</strong></span> <span class='ocrx_word' id='word_1_214' title='bbox 602 2935 714 3000; x_wconf 92' lang='lat' dir='ltr'><strong>itidem</strong></span> <span class='ocrx_word' id='word_1_215' title='bbox 739 2935 852 3002; x_wconf 91' lang='lat' dir='ltr'><strong>scribit</strong></span> 
     </span>
     <span class='ocr_line' id='line_1_27' title="bbox 275 3036 1099 3124; baseline 0.005 -25"><span class='ocrx_word' id='word_1_216' title='bbox 275 3036 359 3117; x_wconf 91' lang='lat' dir='ltr'><strong>,quid</strong></span> <span class='ocrx_word' id='word_1_217' title='bbox 382 3036 508 3102; x_wconf 82' lang='lat' dir='ltr'><strong>faciunt</strong></span> <span class='ocrx_word' id='word_1_218' title='bbox 531 3039 622 3120; x_wconf 86' lang='lat' dir='ltr'><strong>leges</strong></span> <span class='ocrx_word' id='word_1_219' title='bbox 647 3039 701 3105; x_wconf 91' lang='lat' dir='ltr'><strong>ubi</strong></span> <span class='ocrx_word' id='word_1_220' title='bbox 725 3040 797 3105; x_wconf 88' lang='lat' dir='ltr'><strong>sola</strong></span> <span class='ocrx_word' id='word_1_221' title='bbox 820 3041 958 3124; x_wconf 90' lang='lat' dir='ltr'><strong>pecnnia</strong></span> <span class='ocrx_word' id='word_1_222' title='bbox 982 3045 1099 3122; x_wconf 76' lang='lat' dir='ltr'><strong>regnat</strong></span> 
     </span>
     <span class='ocr_line' id='line_1_28' title="bbox 311 3142 1047 3228; baseline 0.004 -23"><span class='ocrx_word' id='word_1_223' title='bbox 311 3146 366 3205; x_wconf 92' lang='lat' dir='ltr'><strong>aut</strong></span> <span class='ocrx_word' id='word_1_224' title='bbox 388 3142 444 3206; x_wconf 91' lang='lat' dir='ltr'><strong>ubi</strong></span> <span class='ocrx_word' id='word_1_225' title='bbox 466 3149 647 3228; x_wconf 87' lang='lat' dir='ltr'><strong>paupertas</strong></span> <span class='ocrx_word' id='word_1_226' title='bbox 671 3144 802 3210; x_wconf 87' lang='lat' dir='ltr'><strong>uincere</strong></span> <span class='ocrx_word' id='word_1_227' title='bbox 827 3145 915 3210; x_wconf 90' lang='lat' dir='ltr'><strong>nulla</strong></span> <span class='ocrx_word' id='word_1_228' title='bbox 938 3149 1047 3228; x_wconf 87' lang='lat' dir='ltr'><strong>potest</strong></span> 
     </span>
     <span class='ocr_line' id='line_1_29' title="bbox 311 3242 1246 3333; baseline 0.005 -25"><span class='ocrx_word' id='word_1_229' title='bbox 311 3242 375 3310; x_wconf 88' lang='lat' dir='ltr'><strong>iam</strong></span> <span class='ocrx_word' id='word_1_230' title='bbox 399 3265 483 3311; x_wconf 85' lang='lat' dir='ltr'><strong>nunc</strong></span> <span class='ocrx_word' id='word_1_231' title='bbox 507 3247 660 3313; x_wconf 88' lang='lat' dir='ltr'><strong>iudicium</strong></span> <span class='ocrx_word' id='word_1_232' title='bbox 685 3247 766 3314; x_wconf 93' lang='lat' dir='ltr'><strong>nihil</strong></span> <span class='ocrx_word' id='word_1_233' title='bbox 789 3257 838 3314; x_wconf 88' lang='lat' dir='ltr'><strong>est</strong></span> <span class='ocrx_word' id='word_1_234' title='bbox 860 3248 923 3313; x_wconf 92' lang='lat' dir='ltr'><strong>nisi</strong></span> <span class='ocrx_word' id='word_1_235' title='bbox 946 3248 1079 3333; x_wconf 90' lang='lat' dir='ltr'><strong>publica</strong></span> <span class='ocrx_word' id='word_1_236' title='bbox 1103 3247 1246 3328; x_wconf 88' lang='lat' dir='ltr'><strong>meroes‘,</strong></span> 
     </span>
     <span class='ocr_line' id='line_1_30' title="bbox 164 3346 1358 3418; baseline 0.004 -8"><span class='ocrx_word' id='word_1_237' title='bbox 164 3346 299 3412; x_wconf 88' lang='lat' dir='ltr'><strong>codices</strong></span> <span class='ocrx_word' id='word_1_238' title='bbox 320 3368 399 3415; x_wconf 89' lang='lat' dir='ltr'><strong>vero</strong></span> <span class='ocrx_word' id='word_1_239' title='bbox 422 3350 595 3418; x_wconf 83' lang='lat' dir='ltr'><strong>Leidensis</strong></span> <span class='ocrx_word' id='word_1_240' title='bbox 618 3359 651 3418; x_wconf 88' lang='lat' dir='ltr'><strong>et</strong></span> <span class='ocrx_word' id='word_1_241' title='bbox 673 3359 835 3418; x_wconf 88' lang='lat' dir='ltr'><strong>vetustate</strong></span> <span class='ocrx_word' id='word_1_242' title='bbox 859 3373 898 3417; x_wconf 91' lang='lat' dir='ltr'><strong>ac</strong></span> <span class='ocrx_word' id='word_1_243' title='bbox 929 3353 1073 3418; x_wconf 89' lang='lat' dir='ltr'><strong>bonitate</strong></span> <span class='ocrx_word' id='word_1_244' title='bbox 1097 3353 1260 3418; x_wconf 87' lang='lat' dir='ltr'><strong>excellens</strong></span> <span class='ocrx_word' id='word_1_245' title='bbox 1284 3351 1358 3416; x_wconf 88' lang='lat' dir='ltr'><strong>Ber-</strong></span> 
     </span>
     <span class='ocr_line' id='line_1_31' title="bbox 161 3451 1174 3536; baseline 0.012 -20"><span class='ocrx_word' id='word_1_246' title='bbox 161 3451 273 3518; x_wconf 88' lang='lat' dir='ltr'><strong>neusis</strong></span> <span class='ocrx_word' id='word_1_247' title='bbox 298 3461 331 3517; x_wconf 92' lang='lat' dir='ltr'><strong>et</strong></span> <span class='ocrx_word' id='word_1_248' title='bbox 354 3453 508 3536; x_wconf 82' lang='lat' dir='ltr'><strong>volgares</strong></span> <span class='ocrx_word' id='word_1_249' title='bbox 532 3456 580 3522; x_wconf 91' lang='lat' dir='ltr'><strong>ita</strong></span> <span class='ocrx_word' id='word_1_250' title='bbox 1165 3453 1174 3470; x_wconf 55' lang='lat'>⁸</span> 
     </span>
     <span class='ocr_line' id='line_1_32' title="bbox 264 3556 1099 3646; baseline 0.007 -24"><span class='ocrx_word' id='word_1_251' title='bbox 264 3556 358 3640; x_wconf 90' lang='lat' dir='ltr'><strong>,quid</strong></span> <span class='ocrx_word' id='word_1_252' title='bbox 382 3557 506 3624; x_wconf 87' lang='lat' dir='ltr'><strong>faciant</strong></span> <span class='ocrx_word' id='word_1_253' title='bbox 529 3560 620 3643; x_wconf 87' lang='lat' dir='ltr'><strong>leges</strong></span> <span class='ocrx_word' id='word_1_254' title='bbox 643 3561 699 3627; x_wconf 92' lang='lat' dir='ltr'><strong>ubi</strong></span> <span class='ocrx_word' id='word_1_255' title='bbox 723 3563 793 3626; x_wconf 89' lang='lat' dir='ltr'><strong>sola</strong></span> <span class='ocrx_word' id='word_1_256' title='bbox 817 3562 958 3646; x_wconf 89' lang='lat' dir='ltr'><strong>pecunia</strong></span> <span class='ocrx_word' id='word_1_257' title='bbox 981 3571 1099 3646; x_wconf 84' lang='lat' dir='ltr'><strong>regnat</strong></span> 
     </span>
     <span class='ocr_line' id='line_1_33' title="bbox 312 3663 1060 3752; baseline 0.009 -27"><span class='ocrx_word' id='word_1_258' title='bbox 312 3667 368 3726; x_wconf 90' lang='lat' dir='ltr'><strong>aut</strong></span> <span class='ocrx_word' id='word_1_259' title='bbox 391 3663 446 3728; x_wconf 93' lang='lat' dir='ltr'><strong>ubi</strong></span> <span class='ocrx_word' id='word_1_260' title='bbox 470 3674 647 3747; x_wconf 88' lang='lat' dir='ltr'><strong>paupertas</strong></span> <span class='ocrx_word' id='word_1_261' title='bbox 671 3666 801 3732; x_wconf 85' lang='lat' dir='ltr'><strong>vincere</strong></span> <span class='ocrx_word' id='word_1_262' title='bbox 825 3669 916 3734; x_wconf 88' lang='lat' dir='ltr'><strong>nulla</strong></span> <span class='ocrx_word' id='word_1_263' title='bbox 940 3674 1060 3752; x_wconf 89' lang='lat' dir='ltr'><strong>potest.</strong></span> 
     </span>
    </p>
   </div>
   <div class='ocr_carea' id='block_1_3' title="bbox 216 4025 1361 4342">
    <p class='ocr_par' dir='ltr' id='par_1_3' title="bbox 216 4025 1361 4342">
     <span class='ocr_line' id='line_1_34' title="bbox 216 4025 1361 4101; baseline 0.001 -19"><span class='ocrx_word' id='word_1_264' title='bbox 216 4027 248 4094; x_wconf 72' lang='lat'><strong>⁷³)</strong></span> <span class='ocrx_word' id='word_1_265' title='bbox 270 4025 309 4082; x_wconf 82' lang='lat' dir='ltr'><strong>ct.</strong></span> <span class='ocrx_word' id='word_1_266' title='bbox 330 4028 413 4084; x_wconf 88' lang='lat' dir='ltr'><strong>etiarn</strong></span> <span class='ocrx_word' id='word_1_267' title='bbox 434 4029 478 4100; x_wconf 93' lang='lat' dir='ltr'><strong>Vl,</strong></span> <span class='ocrx_word' id='word_1_268' title='bbox 498 4033 539 4101; x_wconf 85' lang='grc'>13,</span> <span class='ocrx_word' id='word_1_269' title='bbox 558 4033 607 4086; x_wconf 92' lang='lat' dir='ltr'><strong>ubi</strong></span> <span class='ocrx_word' id='word_1_270' title='bbox 626 4032 725 4088; x_wconf 89' lang='lat' dir='ltr'><strong>eodem</strong></span> <span class='ocrx_word' id='word_1_271' title='bbox 743 4033 827 4086; x_wconf 92' lang='lat' dir='ltr'><strong>modo</strong></span> <span class='ocrx_word' id='word_1_272' title='bbox 846 4030 950 4086; x_wconf 89' lang='lat' dir='ltr'><strong>Tibulli</strong></span> <span class='ocrx_word' id='word_1_273' title='bbox 970 4029 1021 4100; x_wconf 92' lang='grc'>111,</span> <span class='ocrx_word' id='word_1_274' title='bbox 1038 4033 1063 4099; x_wconf 89' lang='lat'><strong>3,</strong></span> <span class='ocrx_word' id='word_1_275' title='bbox 1083 4031 1194 4100; x_wconf 88' lang='lat'><strong>11-13,</strong></span> <span class='ocrx_word' id='word_1_276' title='bbox 1213 4029 1244 4087; x_wconf 86' lang='grc'>16</span> <span class='ocrx_word' id='word_1_277' title='bbox 1263 4037 1293 4087; x_wconf 87' lang='grc'><strong>51</strong></span> <span class='ocrx_word' id='word_1_278' title='bbox 1311 4030 1361 4098; x_wconf 92' lang='grc'>111,</span> 
     </span>
     <span class='ocr_line' id='line_1_35' title="bbox 270 4115 892 4186; baseline 0.006 -17"><span class='ocrx_word' id='word_1_279' title='bbox 270 4115 297 4182; x_wconf 90' lang='lat'><strong>3,</strong></span> <span class='ocrx_word' id='word_1_280' title='bbox 316 4117 420 4170; x_wconf 74' lang='lat'>‘29:32</span> <span class='ocrx_word' id='word_1_281' title='bbox 439 4129 468 4172; x_wconf 86' lang='lat' dir='ltr'><strong>et</strong></span> <span class='ocrx_word' id='word_1_282' title='bbox 486 4119 536 4186; x_wconf 87' lang='lat' dir='ltr'><strong>Ill,</strong></span> <span class='ocrx_word' id='word_1_283' title='bbox 554 4122 578 4183; x_wconf 83' lang='lat'><strong>4,</strong></span> <span class='ocrx_word' id='word_1_284' title='bbox 599 4121 666 4173; x_wconf 85' lang='grc'><strong>7-8</strong></span> <span class='ocrx_word' id='word_1_285' title='bbox 685 4119 892 4174; x_wconf 84' lang='lat' dir='ltr'><strong>consociantur.</strong></span> 
     </span>
     <span class='ocr_line' id='line_1_36' title="bbox 220 4201 1225 4276; baseline 0.008 -21"><span class='ocrx_word' id='word_1_286' title='bbox 220 4201 251 4266; x_wconf 58' lang='grc' dir='ltr'><strong>Ἠ)</strong></span> <span class='ocrx_word' id='word_1_287' title='bbox 273 4201 308 4256; x_wconf 84' lang='grc'><strong>51.</strong></span> <span class='ocrx_word' id='word_1_288' title='bbox 328 4203 426 4260; x_wconf 81' lang='lat' dir='ltr'><strong>Franc.</strong></span> <span class='ocrx_word' id='word_1_289' title='bbox 446 4205 612 4262; x_wconf 87' lang='lat' dir='ltr'><strong>Buecheleri</strong></span> <span class='ocrx_word' id='word_1_290' title='bbox 631 4207 720 4276; x_wconf 87' lang='lat' dir='ltr'><strong>praef.</strong></span> <span class='ocrx_word' id='word_1_291' title='bbox 740 4207 854 4261; x_wconf 90' lang='lat' dir='ltr'><strong>Petron.</strong></span> <span class='ocrx_word' id='word_1_292' title='bbox 873 4221 940 4274; x_wconf 83' lang='lat' dir='ltr'><strong>pag.</strong></span> <span class='ocrx_word' id='word_1_293' title='bbox 957 4205 1225 4263; x_wconf 86' lang='lat' dir='ltr'>XXVI-XXXIII.</span> 
     </span>
     <span class='ocr_line' id='line_1_37' title="bbox 1273 4292 1305 4342; baseline 0 -20"><span class='ocrx_word' id='word_1_294' title='bbox 1273 4292 1305 4342; x_wconf 67' lang='grc'>31</span> 
     </span>
    </p>
   </div>
   <div class='ocr_carea' id='block_1_4' title="bbox 0 0 1506 4716">
    <p class='ocr_par' dir='ltr' id='par_1_4' title="bbox 0 0 1506 4716">
     <span class='ocr_line' id='line_1_38' title="bbox 0 0 1506 4716; baseline 0 1"><span class='ocrx_word' id='word_1_295' title='bbox 0 0 1506 4716; x_wconf 95' lang='lat' dir='ltr'><strong> </strong></span> 
     </span>
    </p>
   </div>
  </div>
 </body>
</html>
