3004 4716
662 261 866 366 *28*-

203 473 271 542 Nec
294 473 354 540 tibi
376 494 576 558 gemmarum
600 473 753 556 quicquid
775 471 926 538 felicibus
953 469 1047 538 Indis

245 579 410 663 Nascitur,
433 578 494 644 Eoi
518 598 583 662 qua
605 579 704 644 maris
727 576 817 643 unda
839 576 943 641 rubet.
990 575 1046 661 (II,
1068 575 1100 660 2,
1123 572 1265 657 13-16)

370 723 409 782 In
431 721 534 782 eodem
556 737 635 800 quae
657 719 741 780 mala
763 735 863 781 secum
885 717 993 780 ferant
1015 701 1158 779 divitiae.

206 839 329 904 Ferrea
352 858 415 904 uon
439 837 556 904 Pacem
580 837 637 904 sed
661 837 819 922 praedam
847 836 980 901 saecula
1004 835 1159 901 laudaut:
1312 833 1354 900 35

245 941 374 1009 Praeda
397 928 639 1016 tameumultis
662 948 712 1008 cst
734 941 886 1022 adoperta
908 940 1014 1005 malis.

201 1045 331 1111 Praeda
352 1046 439 1112 feras
462 1046 551 1111 acies
575 1044 677 1142 cinxit
699 1044 903 1112 discordibus
927 1044 1045 1111 armis:

244 1149 328 1215 Hinc
351 1169 454 1234 eruor,
476 1148 551 1214 hine
574 1143 693 1214 caedes
717 1169 861 1232 morsque
880 1150 1062 1233 propinquo
1087 1147 1212 1216 venia*

202 1253 332 1320 Praeda
354 1273 440 1338 vago
463 1251 558 1319 iussit
581 1252 749 1338 geminare
774 1253 921 1338 pericula
941 1258 1053 1338 pondo,

246 1356 325 1423 Gom
346 1357 455 1422 tricae
476 1357 590 1422 dubiae
612 1358 722 1424 bellico
744 1363 849 1424 cosdro
869 1359 967 1422 rota*
1313 1354 1357 1418 40

205 1461 386 1526 Praedator
410 1460 497 1544 cupit
521 1461 694 1528 immensos
717 1463 869 1528 obsidere
893 1480 1024 1544 campos

246 1565 290 1630 Ut
312 1565 414 1630 multa
436 1565 606 1637 innumera
628 1566 743 1648 iugera
767 1573 884 1650 pascat
908 1564 1003 1632 ova*
1313 1564 1355 1626 42

203 1667 343 1733 Plaudet
366 1675 399 1733 et
421 1669 611 1734 indomitum
634 1668 734 1734 moles
758 1688 857 1753 mare,
881 1670 988 1735 lentus
1012 1675 1047 1734 ut
1070 1667 1155 1732 iutra
1310 1667 1354 1730 45

248 1772 406 1855 Negligat
428 1773 581 1838 hibernas
605 1771 710 1856 pisces
720 1771 759 1853 ⁵²)
785 1770 905 1852 adesse
929 1771 1044 1837 minas.

203 1877 246 1940 Ar
267 1875 344 1940 midi
365 1876 454 1942 laeta
477 1876 610 1942 trahant
633 1875 765 1942 Samiae
788 1877 935 1960 concupio
957 1876 1089 1942 testae*

246 1979 403 2062 Fictaque
426 1999 495 2045 cam
517 2001 614 2046 mauu
637 1979 773 2047 lubrica
787 1987 876 2048 terra
897 1987 979 2047 rota.
1019 1981 1074 2063 (II,
1097 1979 1127 2060 3,
1151 1975 1288 2058 35-48,

864 2106 958 2151 omm.
983 2105 1035 2150 vv.
1058 2082 1198 2162 43-44)

175 2220 300 2288 *Nunc
324 2229 355 2288 et
378 2242 493 2288 amara
516 2223 587 2289 dies
611 2229 643 2288 et
666 2224 771 2290 noctis
795 2225 936 2289 amarior
959 2223 1073 2288 umbra
1093 2203 1158 2287 est:

218 2321 364 2393 *Omnia
379 2347 462 2393 accc
477 2326 562 2393 tristi
576 2334 724 2413 tempora
746 2328 819 2394 felle
842 2327 982 2394 madent.
1021 2327 1077 2412 (ll,
1093 2323 1281 2428 4,.11-12)

204 2483 377 2565 Opereat,
401 2483 582 2568 quicunque
606 2485 687 2569 legit
712 2484 899 2567 viridesque
922 2483 1116 2567 smaragdos

247 2587 289 2652 Et
311 2588 439 2653 niveam
464 2587 586 2672 tire053)
610 2588 730 2654 murice
752 2589 851 2672 tingit
873 2608 976 2654 ovem.

176 2689 346 2757 *Praebet
368 2692 530 2758 avaritiae
552 2713 669 2758 causas
686 2693 829 2775 pretiose
844 2697 1006 2773 proiectam

220 2795 358 2862 *Vestis
382 2803 414 2861 et
437 2816 454 2862 e
476 2796 573 2862 rubro
597 2797 707 2863 lucida
730 2796 853 2863 concha
876 2797 968 2862 mari.
1014 2794 1069 2878 (Il,
1092 2793 1122 2876 4,
1138 2794 1281 2874 27-30)

453 2943 491 3004 Iu
513 2942 620 3005 eodem
641 2959 720 3022 quae
743 2941 808 3002 rint
830 2937 984 3001 commoda
1005 2936 1080 3016 spei.

178 3043 334 3111 *Fdoirct
354 3046 445 3111 raclii
468 3045 525 3111 icio
547 3045 653 3111 rucio:
678 3044 811 3110 credula
834 3042 962 3108 vitam*
1044 3119 1048 3125 ,

220 3148 333 3237 *Spes
356 3151 444 3218 fovet
466 3151 631 3217 eumelus
654 3169 726 3216 cras
750 3149 819 3216 fore
843 3168 970 3233 semper·
993 3142 1126 3232 opiter*

207 3255 289 3340 Spes
312 3255 373 3321 alit
395 3259 570 3341 agricolas,
594 3258 677 3342 Spes
701 3256 799 3323 sulcis
823 3254 927 3322 credit
951 3253 1052 3319 aratis

250 3361 390 3444 Semina,
414 3382 498 3446 quae
522 3383 641 3446 magno
665 3362 775 3430 fenore
798 3361 915 3428 reddat
938 3375 1036 3444 ager:
1140 3401 1143 3422 .

208 3465 298 3529 Haec
321 3464 438 3547 laqueo
462 3468 619 3552 volueres,
642 3467 724 3532 haec
748 3471 860 3552 captat
882 3463 1042 3530 arundine
1065 3462 1182 3548 pisces,

251 3567 330 3634 Cum
354 3573 466 3636 tenues
489 3568 602 3636 hamos
625 3571 753 3637 abdidit
775 3576 851 3636 ante
874 3569 981 3636 cibus:

210 3671 294 3759 Spes
318 3671 417 3739 ctiam
439 3673 552 3740 valida
574 3675 698 3741 solatur
722 3674 877 3760 compede
899 3674 1040 3741 vinetum

250 3775 355 3844 Crura
370 3785 489 3845 sonant
505 3779 599 3864 ferro,
623 3779 681 3846 sed
698 3779 786 3845 cauit
801 3778 886 3845 iuter
902 3796 993 3861 opus.
1032 3771 1088 3854 (II,
1104 3771 1133 3855 6,
1152 3769 1290 3852 19-26)

231 4073 262 4143 ⁶²)
280 4080 435 4133 correctum
454 4076 481 4130 iu
500 4075 614 4145 ,piscis‘.

233 4161 264 4229 ⁵³)
282 4166 438 4218 correctum
456 4162 484 4217 iu
502 4162 595 4231 ,tirio‘.

231 4250 263 4318 ⁸⁴)
281 4250 363 4309 Viuc.
381 4265 457 4306 exce.
475 4250 542 4318 ,ait‘.
