3004 4716
738 187 781 254 39

162 401 348 489 praesertim
373 421 444 466 cum
467 400 567 483 longo
590 400 737 484 plurimis
760 399 840 466 locis
857 399 1012 466 metricas
1036 401 1088 465 vel
1112 399 1344 484 grammaticas

163 515 215 574 aut
237 507 375 589 logicas*
390 506 431 572 ob
449 524 585 571 caussas
608 504 734 570 fraudis
758 511 923 588 comperta
947 503 1021 570 sint.
1056 504 1137 571 baec
1160 504 1226 571 fere
1246 505 1346 572 Muel-

155 611 213 679 leri
249 609 509 695 argumentatio,
540 609 605 674 iam
641 608 796 674 audiatur
826 615 859 674 et
889 609 995 674 altera
1023 629 1110 693 pars.
1157 622 1266 675 verum
1295 617 1346 676 est

154 735 257 799 neque
290 715 461 798 quisquam
497 733 575 778 sane
606 712 817 796 infitiabitur,
857 720 1066 796 excerptores
1101 712 1255 780 habuisse
1288 733 1345 782 cur

153 823 364 886 immutarent
393 838 521 902 versus,
551 816 703 883 librarios
733 836 797 882 non
822 815 909 884 item.
956 816 1013 883 sed
1045 817 1134 903 quod
1163 815 1214 884 his
1247 818 1344 884 inter·

155 923 294 1011 potandi
317 922 488 988 eonsilium
511 943 550 987 ac
578 923 662 987 ratio
692 942 757 987 uon
792 922 1002 1007 suppetebat,
1032 920 1110 987 inde
1139 940 1345 1006 nequaquam

158 1027 192 1094 ni
221 1029 315 1093 fallor
343 1027 578 1094 consectarium
609 1032 674 1109 est,
706 1044 739 1091 re
772 1046 849 1092 vera
878 1025 1183 1111 interpolationibus
1211 1045 1267 1092 cos
1290 1027 1346 1092 ab·

160 1133 334 1215 minuisse,
376 1130 474 1196 immo
509 1131 639 1197 codices
673 1135 802 1196 nostros
836 1136 962 1198 scatere
997 1130 1083 1195 vitiis
1117 1137 1150 1196 et
1181 1137 1345 1216 tamquam

158 1237 305 1302 ulcerosa
327 1256 367 1302 ao
391 1235 531 1301 distorta
555 1255 613 1301 nos
637 1236 781 1300 membra
803 1240 920 1319 poetae
950 1234 1072 1301 habere
1102 1233 1184 1301 satis
1207 1241 1345 1312 constat,

160 1341 222 1425 ipsi
245 1340 322 1406 itali
345 1342 548 1406 saeculorum
571 1341 650 1405 XIV
674 1346 705 1406 et
728 1340 789 1405 XV
819 1359 900 1422 quos
924 1337 1098 1406 Muellerus
1121 1340 1266 1404 carmina
1289 1359 1345 1426 po·

163 1447 226 1512 tius
250 1445 356 1509 aliae
379 1444 510 1510 Tibullo
533 1465 630 1527 quam
644 1443 810 1509 Tibullum
833 1463 873 1509 ex
897 1443 971 1508 aliis
988 1442 1143 1510 infecisse
1166 1445 1345 1532 contendit,

159 1569 286 1616 summa
316 1548 346 1613 in
375 1555 465 1614 textu
499 1547 699 1615 restituendo
728 1548 779 1613 nsi
809 1553 882 1614 sunt
912 1547 1059 1632 licentia,
1091 1567 1187 1631 quam
1215 1547 1345 1632 quidem

163 1652 300 1719 minume
322 1653 527 1738 mirabimur,
558 1654 586 1718 si
617 1652 725 1736 qualis
755 1658 830 1718 tuuc
860 1651 958 1719 fuerit
984 1652 1166 1718 litterarum
1198 1653 1345 1721 condicio

161 1759 405 1828 meminerimus.
452 1779 527 1824 nam
558 1758 710 1835 excitatis
734 1757 939 1840 antiquitatis
968 1755 1086 1823 studiis
1117 1777 1135 1823 c
1165 1758 1264 1841 longo
1296 1779 1347 1826 so·

152 1884 230 1948 pore
261 1883 332 1930 cum
370 1863 477 1928 multa
505 1869 714 1929 monumenta
748 1861 922 1948 praecipue
954 1882 1091 1928 romana
1122 1855 1345 1946 retegerentur

152 1977 185 2034 ct
208 1988 306 2050 quam
337 1968 505 2034 celerrime
534 1968 567 2033 in
591 1967 830 2034 multitudinem
861 1966 1100 2050 evulgarentur,
1124 1985 1259 2050 cumque
1289 1967 1344 2033 vix

156 2074 256 2136 ulium
286 2073 363 2136 Itali
394 2078 523 2156 poetam
554 2073 678 2138 maiore
710 2079 741 2139 et
771 2071 932 2138 industria
962 2077 1142 2138 tractarent
1173 2076 1205 2137 ct
1227 2070 1345 2139 ardore

165 2174 434 2256 amplecterentur
456 2195 553 2260 quam
570 2177 742 2260 Tibullum,
766 2177 927 2243 facilitate
944 2176 1014 2242 eius
1030 2181 1169 2242 venusta
1192 2175 1345 2264 simplici·

163 2297 226 2360 que
250 2278 284 2342 iu
308 2280 520 2364 exprimendis
551 2282 652 2346 animi
686 2282 858 2348 affectibus
889 2279 1027 2348 veritate
1057 2279 1227 2362 delectati,
1257 2280 1346 2364 quod

161 2382 334 2466 elegantia
362 2383 465 2467 magis
494 2387 700 2452 venabantur
732 2392 764 2452 et
787 2386 954 2454 intellectu
984 2384 1096 2450 facilia
1125 2382 1344 2470 adripiebant‚

156 2507 258 2569 quam
284 2507 364 2553 vera
380 2487 578 2558 rimabantur
594 2491 645 2557 vel
670 2491 815 2557 difficilia
831 2489 1133 2577 perscrutabantur,
1155 2487 1345 2556 immensum

155 2592 354 2659 mendarum
379 2599 410 2658 et
433 2593 719 2680 interpolationum
743 2616 908 2662 numerum
939 2616 1004 2660 non
1027 2594 1124 2660 modo
1147 2594 1346 2679 reliquerunt

159 2697 218 2762 sed
253 2697 355 2764 etiam
388 2698 470 2765 ultro
500 2718 632 2766 auxere.
683 2701 813 2766 silentio
843 2704 1013 2785 praetereo
1042 2699 1223 2766 Iohannem
1252 2698 1345 2764 Auri-

167 2821 258 2885 spam
281 2810 315 2867 et
337 2801 495 2869 Senecam
521 2803 703 2870 Camertem
726 2805 793 2870 suis
816 2804 1010 2870 coniecturis
1032 2803 1188 2870 librorum
1211 2806 1346 2870 lacunas

165 2907 357 2992 explevisse,
370 2927 430 2973 nec
444 2928 525 2993 opus
538 2917 588 2974 est
601 2929 765 2995 exponere
777 2909 925 2992 quotiens
938 2908 1068 2975 codices
1080 2909 1183 2974 nostri
1199 2908 1251 2974 vel
1263 2907 1346 2973 inter

163 3029 199 3077 se
221 3013 273 3076 vel
296 3033 316 3076 a
337 3012 515 3079 Cniaciano
538 3021 688 3081 truncato
712 3014 874 3098 differant,
904 3033 964 3079 nec
987 3012 1091 3079 solnm
1116 3011 1254 3094 singulis
1278 3030 1346 3076 ver·

163 3115 213 3181 bis
237 3116 295 3182 sed
318 3118 393 3184 totis
416 3119 550 3186 mutatis
574 3120 755 3206 sententiis,
779 3119 944 3186 sufficiunt
966 3116 1052 3182 enim
1067 3134 1174 3199 pauca
1196 3115 1346 3198 exempla

164 3240 184 3284 a
206 3220 355 3287 Richtero
377 3243 454 3308 pag.
479 3223 518 3287 71
544 3243 585 3289 ss.
609 3225 750 3307 prolata.
796 3224 930 3288 missam
952 3219 1052 3304 igitur
1074 3217 1235 3285 faciamus
1258 3218 1346 3286 codi-

162 3345 233 3390 cum
257 3324 475 3411 iutegritatem
499 3328 542 3393 ab
571 3326 665 3394 ltalis
688 3327 835 3394 studiose
858 3331 1022 3392 servatam
1052 3343 1149 3407 qnam
1172 3323 1347 3390 Muellerus

158 3449 263 3514 neque
286 3430 363 3497 mibi
386 3432 551 3515 persuasit
573 3452 678 3515 neque
700 3432 769 3497 fore
793 3429 889 3496 credo
913 3436 948 3494 ut
963 3429 1113 3512 cuiquam
1136 3429 1346 3514 persuaserit.

160 3540 193 3600 at
216 3541 425 3620 excerptores
448 3556 514 3602 non
538 3537 671 3602 dubium
701 3543 752 3602 est
774 3536 852 3618 quin
882 3533 996 3601 dedita
1026 3555 1127 3620 opera
1154 3554 1268 3601 versus
1292 3533 1347 3598 im-

162 3639 366 3705 mutaverint.
413 3639 566 3725 concedo,
590 3640 650 3706 sed
673 3639 735 3705 hac
758 3660 793 3704 re
815 3659 930 3723 parum
948 3658 1168 3706 commoveor:
1191 3638 1240 3702 ita
1262 3635 1346 3703 enirn

159 3739 225 3808 fere
263 3762 376 3809 omncs
417 3753 641 3831 excerptorum
678 3745 919 3811 immutationes
954 3751 1029 3810 sunt
1060 3749 1280 3826 comparatae,
1313 3749 1348 3808 ut

156 3848 256 3930 paulo
288 3849 473 3916 accuratius
507 3849 729 3917 consideranti
760 3848 857 3915 facile
888 3856 921 3915 et
949 3846 1158 3913 inveniantur
1186 3853 1218 3912 et
1247 3848 1348 3932 expli·

160 3956 282 4032 centur,
304 3950 341 4016 id
365 3955 452 4036 quod
478 3956 519 4022 de
541 3955 767 4022 vincentianis
791 3954 961 4019 Richterus
984 3949 1128 4018 ostendit
1151 3971 1228 4035 pag.
1244 3951 1285 4018 57
1303 3973 1347 4036 ss,
1453 4028 1459 4037 ,

160 4053 202 4120 de
225 4055 559 4126 Nostradamensibus
589 4061 660 4144 ipse
689 4057 776 4123 infra
798 4057 901 4122 fusius
930 4055 1114 4121 declarabo.
1157 4055 1258 4139 igitur
1287 4057 1349 4122 bac

159 4157 193 4222 in
216 4177 251 4222 rc
275 4177 390 4228 vereor
405 4183 447 4228 ne
471 4163 552 4228 nibil
568 4162 697 4230 omniuo
713 4160 912 4228 antecellant
927 4158 1056 4228 codices
1079 4161 1252 4246 excerptis,
1272 4159 1348 4244 quia
