3004 4716
686 183 784 298 'aa

660 319 864 332 -ῠ-*υιι--ι--α

179 435 301 504 Dexter
325 438 371 504 uti
393 439 521 504 laevum
545 445 656 506 teneat
679 440 892 524 dextrumque
916 442 1046 510 sinister

170 542 266 608 Miles
291 542 394 625 sitque
422 543 542 628 duplex
566 545 687 627 gemini
711 546 848 611 victoria
871 546 1026 630 casus.⁶⁷)
1222 555 1223 564 ’
1294 538 1356 618 105

469 656 471 662 ’
854 651 920 734 (lv,
947 656 974 734 1,
998 652 1159 736 sav—105)

273 801 363 868 Haec
391 809 466 868 sunt
492 801 782 869 Nostradamensis
813 804 934 872 codicis
965 815 1120 890 excerpta
1148 806 1354 876 'Tibulliaua2

169 905 267 971 etiam
290 907 373 973 alius
404 907 510 973 codex
532 907 728 974 Parisiensis
758 928 808 972 no.
834 908 938 973 13582
970 911 1093 975 saeculi
1117 912 1200 977 Xlll
1230 919 1286 978 aut
1306 914 1351 978 iu-

168 1009 274 1076 euntis
300 1011 377 1078 XIV
400 1019 531 1096 praeter
554 1010 649 1078 Statii
673 1011 870 1094 Thebaidos,
893 1013 1028 1097 Lucani,
1053 1015 1190 1096 Horatii,
1216 1017 1340 1082 luveua

168 1114 217 1198 lis,
242 1113 426 1196 Claudiani,
449 1114 626 1198 Prudentii,
651 1114 759 1182 Ovidii
784 1124 939 1199 excerpta
962 1116 1083 1183 Tibulli
1107 1119 1258 1186 continet.
1294 1121 1355 1186 sed·

168 1218 319 1300 quoniam
342 1219 449 1284 nullus
484 1218 516 1281 in
544 1215 605 1284 hoe
626 1213 745 1302 legitur
780 1239 909 1302 versus,
944 1219 1019 1300 quin
1054 1222 1189 1287 eundem
1221 1222 1355 1289 Nostra-

168 1320 332 1388 damensis
364 1320 466 1386 codex
498 1321 633 1406 habeat,
669 1323 830 1405 amboque
860 1324 911 1388 vel
941 1323 1073 1408 ineptiis
1103 1332 1160 1391 aut
1191 1328 1352 1393 erroribus

167 1425 370 1492 librariorum
405 1424 501 1490 valde
536 1426 741 1493 consentiunt
776 1427 878 1512 (velut
912 1428 970 1511 ΙΙΙ,
1006 1429 1035 1511 6,
1064 1429 1104 1493 37
1140 1429 1264 1512 ,locum‘
1294 1452 1354 1516 pro

167 1529 317 1614 ,iocum‘),
348 1551 412 1596 nou
445 1549 573 1596 errasse
602 1531 731 1597 videtur
759 1530 980 1616 Woelffliuus,
1020 1551 1090 1596 cum
1122 1532 1163 1597 de
1194 1537 1354 1600 communi

167 1633 278 1699 horum
309 1641 534 1738 excerptorum
565 1633 653 1700 fonte
688 1632 829 1700 dubitari
861 1656 923 1699 non
952 1655 1049 1719 posse
1082 1638 1353 1723 contender·et.⁶⁸)

167 1742 307 1802 ceterum
341 1738 480 1803 minume
516 1736 676 1821 mirabor,
715 1738 743 1802 si
774 1737 895 1803 similia
938 1744 1036 1820 atque
1068 1739 1200 1821 gemina
1240 1742 1353 1807 horum

166 1846 319 1924 excerpta
342 1841 437 1924 plura
459 1841 492 1906 in
516 1841 620 1905 lucem
644 1839 889 1924 protrahentur,
923 1847 1019 1922 atque
1043 1847 1129 1906 certe
1156 1840 1189 1905 in
1213 1863 1275 1907 uno
1300 1864 1351 1908 co-

167 1944 410 2010 diceParisino
433 1951 564 2028 praeter
589 1957 660 2009 eum
684 1964 778 2027 quem
802 1944 898 2010 modo
928 1943 1015 2028 dixi,
1046 1944 1159 2010 horum
1184 1945 1349 2010 simillima

77 2068 87 2079 ”
165 2053 277 2114 extare
301 2048 378 2114 scic.

267 2152 338 2218 Iam
377 2152 417 2218 de
456 2152 601 2219 fontibus
634 2153 797 2219 variorum
830 2160 1056 2236 excerptorum
1092 2158 1125 2218 et
1156 2152 1352 2237 cognatione

174 2276 257 2340 quae
281 2257 428 2324 interea
451 2256 634 2323 intercedat
658 2257 883 2339 quaestionem
914 2258 1013 2340 paulo
1036 2255 1139 2322 fusius
1163 2263 1350 2336 tractemus,

167 2381 238 2426 cum
256 2380 422 2446 perpauca
438 2361 547 2427 adhuc
562 2368 618 2427 aut
635 2361 775 2446 minume
797 2359 986 2446 probabilia
1003 2361 1044 2426 de
1067 2381 1107 2426 ea
1123 2362 1254 2444 prolata
1278 2380 1351 2426 csse

166 2465 356 2533 invenerim.
401 2466 573 2533 Richterus
598 2467 682 2531 enim
706 2466 739 2530 in
763 2463 995 2531 dissertatione
1018 2464 1071 2547 ,de
1092 2464 1256 2531 Vincentii
1279 2464 1351 2529 Bel·

164 2570 350 2638 lovaceusis
382 2571 546 2654 excerptis
577 2569 781 2636 Tibullianis‘
815 2568 973 2653 (Bonnae
997 2568 1100 2652 1862)
1130 2569 1251 2651 pag.2
1282 2573 1350 2632 not.

166 2673 347 2759 „dubitari“
372 2673 476 2757 inquit
502 2694 587 2760 „non
603 2679 720 2759 potest,
742 2673 819 2756 quin
837 2673 1065 2739 Lachmauuus
1082 2678 1170 2736 recte
1187 2670 1348 2736 Vincentii

164 2786 196 2844 et
219 2777 377 2861 Scaligeri
400 2786 555 2863 excerpta
579 2779 695 2846 eadem
722 2799 794 2856 esse
817 2776 1030 2845 contenderit.
1076 2794 1242 2857 nunquam
1264 2775 1349 2842 edim

163 2885 197 2950 iu
220 2883 268 2949 eis
291 2881 474 2966 scriptume,
506 2902 588 2965 quas
618 2891 753 2966 uterque
785 2883 885 2948 habet
915 2901 977 2946 uno
1004 2881 1076 2945 loeo
1100 2886 1253 2966 excepto,
1285 2879 1345 2965 lll,

160 2989 191 3072 4,
213 2986 256 3052 45
279 2986 333 3053 ubi
358 2985 506 3070 Scaliger
528 3007 603 3071 ,non
618 3008 677 3054 uos
701 2986 889 3071 decipiaut‘,
914 2984 1102 3052 Vincentius
1132 3004 1220 3070 spec.
1244 2983 1348 3051 doctr.

162 3091 217 3175 IV,
243 3091 304 3158 163
326 3110 377 3173 ,ne
399 3110 459 3158 nos
483 3090 661 3176 decipiant‘
691 3090 787 3174 citat,
818 3109 916 3173 quam
946 3090 1201 3173 discrepantiam
1232 3086 1346 3154 fortui-

162 3203 228 3262 tam
260 3214 331 3262 esse
361 3201 513 3280 apparet,
544 3195 665 3262 intense
689 3193 960 3280 discrepant.“⁶⁹)
1007 3201 1043 3260 at
1074 3194 1214 3260 minume
1243 3191 1346 3258 Lach-

162 3319 298 3368 mannus
322 3299 482 3383 Scaligeri
505 3307 661 3386 excerpta
684 3300 800 3367 eadem
828 3320 900 3367 csse
924 3307 1023 3383 atque
1052 3299 1225 3382 Vincentii,
1249 3297 1346 3361 immo

212 3507 244 3576 ΙΙ)
262 3506 398 3575 scaligeri
416 3512 553 3575 excerpta
571 3508 755 3565 continebant
789 3513 939 3576 praeterea
956 3506 1006 3575 IV,
1025 3508 1050 3573 2,
1075 3507 1108 3561 23
1126 3509 1155 3559 et
1172 3501 1221 3568 IV,
1241 3500 1282 3566 13,
1303 3495 1345 3564 18,

262 3595 372 3665 quade
390 3609 420 3649 re
438 3591 510 3648 intra
528 3593 640 3652 uberius
674 3597 847 3665 disputatum
866 3597 917 3650 est.

212 3682 244 3752 ⁶⁸)
262 3697 318 3739 uno
337 3681 402 3737 loco
425 3680 615 3749 discrepantia
633 3681 707 3737 inter
743 3682 809 3738 illos
834 3681 966 3738 notabilis
989 3679 1113 3735 videtur:
1131 3675 1153 3743 I,
1176 3673 1200 3742 2,
1225 3672 1258 3728 87
1279 3670 1344 3729 cod.

263 3769 327 3826 Par.
346 3785 392 3826 no.
411 3769 496 3827 13582
514 3770 566 3836 ,sta
584 3767 697 3823 nimium
719 3771 818 3825 laetus‘
838 3769 936 3825 habet.

213 3856 244 3925 ⁰⁹)
263 3858 380 3914 alteram
412 3856 628 3926 discrepantiam
645 3855 806 3911 Richterum
829 3855 936 3926 fugisse
963 3850 1061 3908 video:
1089 3849 1139 3920 ΙΙΙ,
1157 3851 1183 3921 3,
1206 3851 1238 3903 11
1258 3849 1346 3906 Scali-

264 3945 326 4012 geri
354 3949 486 4014 excerpta
509 3943 662 4014 praebuere
680 3941 727 4010 (cl.
753 3945 876 4011 castigg.
899 3957 926 4010 p.
955 3941 1005 3996 165
1032 3937 1075 4007 Β.)
1102 3938 1179 4008 ,quid
1206 3937 1346 4007 prodesse

264 4037 360 4101 potest
388 4032 499 4102 pondus
536 4033 604 4090 milet
627 4031 722 4087 divitis
749 4029 824 4100 auri‘,
853 4026 1018 4084 Vincentius
1042 4026 1071 4082 in
1096 4041 1172 4096 spec.
1191 4027 1280 4082 doctr.
1300 4025 1346 4081 bis

264 4120 323 4188 (Vl,
344 4119 500 4188 13etV11,
519 4119 546 4186 2)
571 4119 613 4174 ita
636 4118 750 4190 scripsit
767 4117 843 4192 ,quid
867 4117 1001 4185 prodesse
1019 4119 1118 4185 potest
1135 4115 1248 4185 pondus
1265 4127 1347 4184 praue

264 4206 361 4262 divitis
379 4207 456 4262 auri‘.
