3004 4716
703 237 742 310 17

618 335 821 346 m

131 475 193 542 qno
222 453 358 541 reperiri
390 451 528 522 adnotat
558 453 751 536 Ukertus24)
784 455 827 540 ΙΙ,
854 453 884 536 2,
915 472 991 538 pag.
1023 451 1064 518 14
1084 439 1151 520 not.
1174 454 1205 538 2,
1228 451 1313 521 hano

129 561 256 646 quidem
278 580 320 626 ex
334 559 519 642 ,Garonna‘
543 558 708 625 contraria
727 559 854 625 ratione
877 564 988 622 natam
1011 577 1050 622 ac
1073 558 1313 639 ,verecundum‘

17 686 18 754 ᾗ
125 686 166 730 ex
188 664 405 750 ,verecundo‘.

126 770 256 838 Tibullo
279 768 380 851 igitur
402 768 640 835 restituendum
664 786 780 833 censeo
803 766 991 849 ,Garunnat

516 873 573 956 IV,
597 877 626 957 2,
652 873 709 937 13:
741 870 925 956 lV,3,10.
1014 889 1016 896 ⁴

233 975 363 1042 Codicis
373 976 595 1059 Frisingensis
608 975 791 1060 ,Vertunus‘
808 982 840 1040 et
852 974 1025 1061 ,Hamatis‘
1038 973 1210 1058 scripturis
1227 977 1268 1056 ,u‘
1280 984 1313 1043 et

131 1081 171 1164 ,a‘
186 1079 345 1146 vocalium
361 1079 609 1164 productionem
626 1080 805 1163 significari
821 1079 935 1146 statuit
950 1078 1138 1144 Muellerus:
1162 1079 1221 1144 sed
1237 1098 1313 1161 quo·

131 1185 217 1248 niam
239 1186 417 1266 ,vertunus‘
445 1205 502 1268 pro
526 1186 736 1269 ,vertumnus‘
760 1203 928 1268 nusquam,
952 1182 985 1248 ni
1007 1183 1120 1266 fallor,
1144 1184 1313 1269 reperitur,

130 1295 164 1352 at
197 1287 421 1371 ,bammatus,
454 1287 633 1354 hemmare‘
667 1303 757 1358 simm.
787 1288 920 1371 saepius
959 1287 1019 1370 (ol.
1058 1294 1092 1352 ut
1129 1279 1312 1372 extmplum

131 1391 256 1457 babeas
278 1389 376 1456 Pauli
399 1399 554 1476 excerpta
577 1411 594 1458 e
618 1393 717 1458 Festo
741 1390 793 1456 ed.
817 1390 1033 1457 Lindemanni
1063 1410 1141 1475 pag.
1169 1391 1224 1475 76)
1248 1412 1312 1457 non

130 1495 240 1578 video,
257 1514 313 1561 our
327 1493 445 1561 lineola
460 1496 519 1563 illa
534 1514 693 1580 negemus
706 1499 758 1578 ,m‘
769 1494 911 1561 litteram
923 1495 1031 1560 notari
1048 1502 1082 1561 ut
1098 1496 1313 1578 sescentiens,

128 1599 171 1663 ef.
194 1598 228 1662 in
251 1597 328 1682 ipsis
351 1599 515 1686 excerptis
536 1601 598 1684 ΙΙΙ,
620 1601 650 1685 3,
674 1603 712 1666 21
737 1601 882 1684 ,teporat
905 1599 966 1680 ΙΙΙ,
989 1598 1019 1680 4,
1043 1599 1061 1663 l
1086 1598 1212 1684 ,suniat
1236 1601 1312 1665 alia.

555 1703 560 1714 '
624 1705 684 1787 Ill,
707 1705 737 1788 3,
763 1705 811 1769 10.

229 1805 367 1873 Oodiees
387 1825 498 1873 omnes
512 1807 635 1873 habent
655 1807 816 1893 ,pustula‘,
832 1807 904 1873 sola
919 1814 1073 1890 excerpta
1085 1807 1314 1891 Frisingensia

123 1911 291 1996 ,pussula‘,
314 1910 349 1976 in
373 1912 514 1978 aliorum
537 1912 630 1977 libris
653 1920 827 1995 praeterea
857 1911 955 1976 tertie
984 1917 1033 1976 est
1064 1911 1225 1995 scriptura
1247 1933 1313 1996 ,pu-

123 2016 221 2080 sula‘:
245 2016 312 2080 iam
335 2016 364 2082 si
386 2016 556 2098 quaeritur
578 2016 707 2082 Tibullo
735 2036 821 2098 quae
845 2014 887 2081 sit
910 2013 1119 2100 vindicanda,
1141 2017 1313 2083 redeamus

7 2207 8 2214 ,
126 2139 264 2184 neeesse
286 2127 338 2184 est
366 2120 410 2184 ad
439 2119 610 2186 historiam
634 2119 728 2186 huius
758 2119 920 2188 vocabuli.
965 2119 1052 2203 quod
1084 2139 1156 2186 eum
1185 2120 1314 2188 Curtius

129 2223 162 2285 in
184 2222 269 2286 libro
292 2241 352 2287 suo
387 2222 428 2289 de
461 2224 661 2309 etymologia
691 2244 813 2310 graece
843 2225 890 2310 ΙΙ,
919 2245 996 2309 pag.
1026 2226 1064 2290 91
1098 2226 1315 2309 composuerit

129 2345 201 2391 cum
225 2323 354 2408 graecis
376 2325 447 2392 istit
470 2333 559 2418 φῦσα
582 2325 701 2418 φυσάω
731 2323 885 2420 φύσημα,
908 2328 1036 2395 Pettius
1061 2329 1094 2394 in
1117 2329 1315 2413 disquisitio·

130 2430 228 2494 nibus
263 2429 490 2514 etymologieis
513 2434 539 2515 l,
569 2455 646 2517 pag.
676 2433 740 2499 263
769 2433 906 2518 rectius,
937 2435 971 2498 ni
993 2432 1107 2519 fallor,
1136 2433 1316 2502 deradice

8 2535 9 2572 l
126 2534 206 2620 ,puj‘
235 2533 256 2598 i.
296 2553 323 2600 e.
357 2532 500 2617 ,foetere‘
533 2537 716 2604 derivatum
749 2557 824 2604 esse
857 2536 1024 2604 contendit
1034 2537 1083 2619 25Ι.
1133 2544 1183 2604 est
1214 2539 1316 2623 igitur

8 2625 10 2700 ἕ
129 2637 246 2704 eadem
270 2637 366 2703 radix
394 2640 549 2722 primaria
571 2663 655 2725 quae
678 2663 796 2726 graeco
819 2648 921 2725 πῦον,
953 2643 1066 2708 latinis
1088 2663 1168 2727 ,pus,
1191 2651 1314 2729 putere,

124 2742 276 2824 putidus‘
299 2742 448 2810 subiecta
470 2752 529 2811 est.
576 2747 641 2812 iam
664 2748 817 2831 ‚pustula‘
841 2768 905 2812 vox
929 2748 1109 2830 composita
1132 2754 1182 2813 est
1203 2748 1315 2816 radice

133 2848 211 2928 ,pus‘
235 2853 267 2912 et
288 2847 378 2930 ,tula‘
399 2837 526 2933 suffixo,
548 2849 796 2916 adsimilebatur
821 2857 929 2917 autem
945 2851 1055 2916 suffixi
1076 2852 1182 2936 prima
1204 2852 1315 2918 littera

9 2979 11 2998 ·
129 2949 340 3031 praecedenti
369 2954 417 3035 ,s‘,
444 2959 479 3017 ut
507 2953 540 3018 in
563 2954 739 3038 participio
770 2963 923 3038 ,comesto
954 2955 1110 3022 comesso‘
1141 2956 1315 3038 multisque

9 3101 11 3150 ,
130 3050 223 3136 aliis,
255 3052 371 3120 deinde
400 3056 506 3123 altera
540 3063 577 3140 ,s‘
607 3060 823 3143 emerebatur,
848 3067 883 3125 ut
918 3060 952 3124 in
975 3062 1133 3146 ,eomesot
1178 3060 1316 3145 ,pusula‘

131 3155 232 3238 igitur
255 3163 327 3222 orta
349 3166 397 3225 est
429 3181 446 3228 e
473 3164 628 3246 ,pustula‘
650 3170 686 3228 ut
714 3167 849 3248 ,censor‘
878 3184 896 3228 e
925 3163 1093 3245 ,eenstore‘
1123 3163 1176 3247 (cf.
1207 3182 1316 3229 oscum

129 3261 301 3344 ,censtur‘),
323 3264 496 3348 mediaque
520 3274 593 3333 erat
615 3268 790 3353 ,pussula‘,}
813 3275 847 3332 ut
869 3268 954 3332 inter
983 3267 1111 3350 ,ustum‘
1138 3274 1171 3332 et
1201 3267 1314 3351 ,usum‘

17 3359 24 3419 ἴ
125 3363 253 3431 medius
277 3372 326 3432 est
346 3374 471 3452 ,ussust

227 3452 298 3519 Iam
327 3474 409 3537 quae
432 3456 533 3523 fuerit
561 3459 595 3523 in
619 3477 681 3524 usu
704 3456 809 3524 forma
830 3456 878 3523 rei
907 3456 1057 3543 publicae
1088 3458 1212 3527 liberae
1236 3466 1315 3525 tem·

124 3556 266 3641 poribus,
289 3560 420 3627 tametsi
443 3562 540 3629 certis
563 3563 768 3630 documentis
784 3562 950 3629 enucleari
965 3584 1029 3630 non
1052 3583 1149 3649 posse
1176 3561 1316 3648 videtur,

134 3769 336 3781 ———..-.—

180 3867 211 3936 ²⁴)
229 3871 405 3942 geographie
435 3872 486 3929 der
511 3873 645 3944 griechen
669 3876 727 3932 und
749 3881 842 3933 rbmer
871 3893 928 3932 von
950 3877 996 3930 Fr.
1013 3874 1049 3930 A.
1068 3871 1171 3943 Ulrert,
1193 3872 1317 3931 Weimur

229 3959 305 4014 1832.
342 3961 370 4013 in
395 3961 523 4017 Perenne
544 3968 588 4018 est
609 3961 786 4032 ,Garumnae‘
808 3969 841 4020 ut
868 3978 954 4032 supra
977 3959 1262 4030 commemoravimus,
1286 3963 1316 4017 in

228 4054 261 4102 e'o
281 4047 357 4116 quod
376 4047 438 4104 Jse.
459 4049 576 4106 Lectius
594 4067 621 4106 a.
640 4052 709 4106 1598
726 4051 819 4106 edidit
853 4050 908 4104 ism
930 4049 966 4103 ab
985 4047 1115 4104 Hirschio
1141 4066 1165 4105 v.
1184 4047 1223 4104 ill.
1242 4065 1316 4105 eom·

226 4135 286 4200 peri
306 4134 473 4201 ‚Garundse‘
495 4137 562 4206 legi.

182 4221 215 4288 ²⁸)
236 4222 271 4276 el.
290 4221 419 4290 Corssen,
438 4224 575 4280 kritische
593 4224 732 4294 beitrtge,
751 4225 868 4294 Leipzig
888 4223 964 4292 1853,
984 4239 1050 4293 pag.
1068 4224 1130 4280 460.

1161 4331 1177 4383 2
