3004 4716
710 1470 757 1570 I.

284 1817 370 1916 De
419 1815 688 1946 excerptis
732 1814 1190 1944 Frisingensibus

252 2158 486 2242 Excerptorum
501 2157 535 2222 in
558 2161 650 2222 textu
666 2156 788 2222 Tibulli
804 2156 1006 2222 restituendo
1029 2157 1152 2242 primus
1169 2155 1330 2222 rationem

152 2259 267 2325 habuit
288 2261 316 2325 J.
338 2261 406 2329 los,
439 2261 596 2344 Scaliger.
625 2260 677 2326 ¹is
707 2260 792 2325 enim
820 2267 951 2346 praeter
981 2261 1111 2327 codices
1134 2259 1332 2326 recentiores

151 2370 184 2428 et
214 2363 425 2449 interpolatos
457 2373 489 2430 et
518 2370 649 2450 praeter
679 2365 804 2432 Ouiacii
842 2364 1059 2448 fragmentum
1096 2365 1178 2429 illud
1210 2383 1335 2448 ‚perop-

148 2467 260 2532 timum
282 2475 314 2534 et
337 2468 649 2534 emendatissimum‘
672 2469 771 2534 etiam
795 2476 951 2553 excerpta
966 2470 1153 2535 Tibulliana
1176 2468 1210 2533 in
1233 2468 1335 2532 mani-

148 2572 207 2637 bus
231 2571 383 2655 habebat‚
408 2593 492 2655 quae
519 2571 590 2656 ipse
614 2580 804 2656 pervetusta
827 2580 924 2639 vocat
955 2581 989 2638 et
1019 2574 1136 2655 quibus
1158 2572 1331 2657 plurimum

147 2695 183 2739 se
207 2675 354 2742 adiutum
383 2696 455 2742 esse
478 2677 645 2761 profitetur
669 2677 722 2759 (cf.
747 2661 797 2742 ed.
822 2697 839 2742 6
864 2677 1053 2761 bibliopolio
1077 2676 1334 2743 Oommeliniano

149 2801 180 2845 a.
206 2780 299 2864 1600,
324 2786 419 2846 casti.
442 2800 473 2863 p.
499 2781 560 2845 125
583 2780 632 2861 B).
669 2788 744 2865 post
769 2801 839 2846 eum
863 2789 975 2847 nostro
999 2781 1132 2846 saeculo
1155 2781 1335 2846 Lachman-

136 2893 208 2976 'nus
232 2890 386 2967 excerpta
410 2883 574 2950 Vincentii
598 2884 859 2968 Bellovacensis,
890 2885 943 2966 qui
976 2885 1064 2950 circa
1087 2905 1208 2949 annum
1232 2883 1333 2948 mille-

147 2987 264 3052 simum
293 2987 547 3054 ducentesimum
577 2988 881 3071 quinquagesimum
903 2987 1056 3072 florebat,
1079 2988 1112 3054 in
1136 2994 1331 3072 apparatum

148 3091 294 3156 criticum
318 3091 439 3156 Tibulli
461 3091 598 3175 recepit:
627 3090 895 3174 Frisingensibus
924 3111 1003 3157 vero
1033 3094 1197 3174 excerptis
1230 3090 1334 3154 Lach-

148 3215 287 3260 mannus
310 3195 454 3260 nondum
483 3215 561 3260 usus
584 3202 649 3280 est,
681 3201 875 3280 accepturus
899 3194 985 3260 enim
1008 3200 1080 3259 erat
1102 3194 1231 3259 illorum
1254 3214 1331 3278 apo·

148 3298 300 3384 graphon
330 3319 351 3363 a
380 3297 541 3381 Docenio‚
575 3298 639 3364 nisi
676 3319 764 3364 mors
794 3298 880 3364 hunc
914 3297 1123 3364 abstulisset:
1161 3297 1335 3362 Dissenius

148 3403 280 3486 quidem
304 3402 476 3470 duodecim
498 3402 579 3468 locis
612 3403 643 3485 Ι,
676 3405 704 3486 1,
727 3403 764 3466 2:
794 3403 820 3487 Ι,
844 3405 872 3484 1,
896 3403 932 3468 6:
956 3402 982 3484 Ι,
1013 3406 1046 3488 1,
1075 3401 1132 3468 25:
1160 3403 1186 3484 1,
1220 3405 1249 3486 1,
1278 3401 1338 3466 34:

16 3591 17 3594 Ν
149 3509 176 3590 1,
211 3511 239 3588 r,
271 3507 326 3570 n:
356 3508 382 3590 1,
412 3507 443 3591 2,
475 3507 532 3572 19:
562 3506 587 3589 1,
616 3507 646 3590 6,
674 3505 731 3570 34:
761 3505 787 3589 1,
819 3506 848 3590 r,
880 3505 936 3570 12:
965 3506 990 3590 1,
1013 3509 1042 3589 6,
1065 3505 1123 3572 51:
1146 3508 1205 3593 ΠΙ,
1227 3507 1259 3590 3,
1281 3507 1340 3570 nn:

150 3595 216 3695 111,'
244 3613 274 3696 6,
304 3611 363 3675 44:
393 3611 452 3694 nr,
483 3613 512 3694 6,
540 3611 582 3674 m
606 3616 639 3674 6
660 3610 760 3675 semer
782 3609 808 3693 1,
834 3613 861 3695 1,
886 3610 924 3674 n
948 3631 989 3677 ne
1012 3617 1100 3676 recte
1123 3610 1254 3694 quidem
1271 3611 1340 3675 mi-

151 3715 353 3799 singensinm
374 3716 561 3798 eclogarum
585 3714 763 3798 scripturas
782 3715 918 3799 notavit,
942 3715 1001 3780 sed
1024 3715 1079 3799 ita,
1103 3721 1138 3780 ut
1162 3714 1203 3779 de
1227 3716 1339 3799 ampli-

153 3819 267 3885 tudine
290 3840 403 3885 earum
431 3829 464 3884 et
491 3819 637 3885 bonitate
665 3839 705 3884 ex
727 3820 792 3885 illis
815 3819 935 3886 notulis
958 3825 1049 3884 certa
1071 3819 1211 3883 minume
1235 3818 1339 3884 statui

150 3929 302 4008 possent:
338 3945 435 4008 quarn
461 3926 503 3990 ob
533 3943 684 3990 caussam
709 3924 843 3990 tandem
873 3923 1050 4006 aliquando
1082 3920 1273 4005 diligentius
1297 3943 1337 3988 ea

154 4034 307 4094 excutere
330 4048 395 4094 non
419 4030 518 4094 abre
543 4028 727 4094 ridebatur.

258 4133 339 4199 Cum
362 4133 589 4200 Lachmannus
619 4139 774 4216 excerpta
796 4131 1034 4217 Frisingensia,
1065 4151 1149 4216 quac
1176 4139 1341 4200 vetustate

153 4257 266 4304 omnes
283 4243 368 4305 certe
385 4237 514 4304 codices
538 4245 635 4320 atque
658 4235 745 4303 haud
768 4237 836 4302 scio
859 4257 902 4302 an
926 4236 1025 4302 etiem
1049 4244 1206 4320 excerpta
1228 4237 1337 4303 omnia

1191 4356 1222 4408 1*
