3004 4716
653 287 893 389 .22·

430 497 569 560 Tibullus
593 499 630 561 de
652 498 809 562 felicitate
833 497 982 578 pauperis
1004 497 1097 560 uitae.

172 630 254 698 *Me
276 653 348 700 mea
372 641 550 719 paupertas
575 637 639 700 citu
661 635 813 700 traducat
835 634 929 700 inerti

217 736 329 803 *Dum
353 758 442 804 meus
466 740 577 822 eaipuo
600 739 708 804 luceat
731 738 807 821 igne
831 737 963 804 secus*

201 842 276 926 lpse
296 841 398 924 ferum
421 849 552 907 teneras
575 850 702 908 maturo
725 848 869 926 tempore
892 842 976 914 vites

243 944 395 1012 Rusticus
419 953 451 1011 et
472 945 563 1012 facili
586 945 729 1029 grandia
751 967 848 1030 poma
872 967 986 1011 manu:

200 1049 269 1116 Nec
291 1067 367 1134 spes
391 1049 558 1128 destituat,
582 1049 641 1114 sed
665 1048 793 1131 frugum
817 1069 944 1134 semper
968 1071 1106 1118 acervos

245 1153 407 1221 Praebeat
430 1161 462 1219 et
484 1154 580 1237 pleno
603 1152 727 1236 pingue
752 1160 858 1219 musta
882 1154 964 1223 lacu.
978 1155 1028 1240 tl,
1044 1158 1070 1240 1,
1087 1157 1255 1242 5-10)³²)
1320 1164 1357 1226 10
1486 1161 1487 1176 ¹

636 1261 645 1303 i

205 1360 323 1442 Quippe
345 1381 400 1443 epo
425 1361 489 1426 iem
511 1381 642 1447 possum
668 1368 838 1429 contentus
862 1363 971 1429 vivere
994 1367 1181 1447 parvc*'
1314 1365 1356 1432 25
1486 1357 1487 1404 ἒ

246 1464 314 1531 Nec
338 1483 465 1548 semper
488 1467 607 1548 longae
630 1465 760 1532 deditus
784 1485 856 1532 esse
881 1467 965 1552 viae,

206 1566 271 1634 Sed
295 1567 394 1634 Oanis
417 1570 563 1636 aestivos
588 1576 677 1637 ortus
702 1571 807 1636 vitare
831 1571 892 1637 sub
915 1571 1028 1637 umbra

247 1673 382 1740 Arboris
405 1675 447 1739 ad
471 1675 558 1741 rivos
581 1674 818 1760 praetereuntis
842 1695 957 1757 aquae.

204 1777 404 1852 Nectamen
427 1778 588 1843 interdum
611 1776 735 1862 pudeat
758 1776 902 1843 tenuisse
926 1778 1076 1843 bidentem

249 1883 314 1947 Aut
336 1882 466 1947 stimulo
491 1880 603 1948 tardos
626 1880 825 1966 increpuisse
849 1881 960 1964 boves,

203 1984 277 2051 Ncn
301 2006 463 2069 agnamve
487 1985 560 2051 sinu
582 1985 695 2070 pigeat
717 1985 858 2069 fetumve
882 1985 1027 2068 capellae

248 2088 418 2156 Desertum
443 2089 545 2156 oblita
569 2097 672 2156 matre
695 2090 815 2155 referre
840 2088 979 2155 domurn.

177 2192 249 2259 *At
263 2191 301 2275 33)
325 2213 385 2260 ves
408 2194 526 2278 exigue
550 2193 670 2278 pecori,
694 2192 844 2276 furesque
868 2194 1001 2278 lupique

220 2298 236 2337 *
250 2297 395 2365 Parcite:
414 2297 456 2364 de
468 2317 588 2382 magno
602 2304 651 2364 est
662 2297 789 2381 praeda
800 2298 945 2382 petenda
957 2318 1069 2382 grege.
1087 2301 1125 2384 (l,
1136 2301 1163 2380 1,
1174 2300 1313 2379 25-34)

210 2503 271 2570 Vos
293 2527 412 2589 qnoque
427 2508 539 2578 adeste
562 2507 611 2573 dei
634 2526 693 2572 nec
718 2525 777 2572 vos
801 2526 818 2573 c
842 2527 986 2592 paupere
1009 2507 1151 2574 mensa*

247 2609 343 2675 Dona
366 2630 426 2675 nee
450 2631 467 2676 e
489 2611 581 2694 puris
605 2610 750 2696 spernite
773 2609 936 2677 fictilibus.

204 2713 335 2779 Fictilia
358 2715 515 2798 antiquus
538 2714 676 2798 primum
701 2715 763 2781 sibi
785 2713 862 2780 fecit
885 2715 1025 2798 agrestis

246 2819 379 2901 Pocula,
404 2820 445 2885 de
468 2818 558 2884 facili
582 2807 827 2904 composuitque
850 2819 926 2884 luto.

205 2921 279 2987 Non
303 2942 364 3005 ego
388 2921 521 2989 divitias
544 2927 672 3007 patrum
696 2922 855 2988 fructusve
877 2921 1014 3006 require,

244 3026 333 3104 Quos
358 3027 431 3093 tulit
453 3027 586 3110 antiquo
610 3026 743 3091 condita
767 3026 881 3118 messis
905 3047 985 3092 avo:
1090 3043 1096 3054 ⁵

204 3130 314 3197 Parva
338 3131 418 3198 satis
443 3138 492 3198 est
514 3153 575 3198 uae
599 3130 802 3214 requiescere
825 3130 908 3196 lecto

248 3235 372 3302 Scilicet
394 3243 426 3302 et
449 3237 545 3303 sclito
569 3227 713 3301 membra
736 3234 846 3301 levare
868 3234 978 3302 tora*

206 3340 310 3418 Quam
335 3340 426 3406 iuvat
449 3341 590 3408 immites
614 3346 727 3407 ventes
752 3336 865 3406 audire
891 3343 1064 3408 cubantem
1317 3337 1359 3399 45

249 3443 290 3509 Et
313 3443 478 3510 dominam
502 3453 614 3512 tenere
639 3445 821 3512 detinuisse
845 3446 918 3512 sinu

208 3549 253 3613 Et
274 3547 405 3631 gelidas
429 3548 582 3614 hibernus
607 3569 711 3630 aquas
735 3568 806 3615 cum
830 3549 950 3616 fuderit
974 3549 1100 3632 Auster,

251 3653 404 3719 Securum
429 3672 580 3734 sompnos
603 3653 699 3717 imbre
722 3654 854 3719 iuvante
877 3652 1009 3738 sequi*

207 3755 278 3822 Hoc
301 3756 380 3822 mihi
404 3756 591 3840 contingat:
615 3757 657 3821 sit
680 3757 774 3823 dives
796 3778 870 3822 rure
891 3755 1061 3823 furorem*

237 3859 299 3938 Qui
321 3860 421 3928 maris
445 3866 477 3926 et
501 3860 582 3926 eceli
606 3859 718 3925 nubila
742 3859 827 3924 serre
850 3857 998 3944 potest*
1022 3857 1264 3943 (1‚1,3t-bc)
1318 3859 1361 3923 50

229 4171 264 4238 ⁸¹)
283 4186 365 4243 erce.
384 4171 465 4229 Vinc.
483 4176 514 4227 et
532 4173 601 4228 scal.
619 4169 763 4229 habebant
780 4168 866 4227 etiam
884 4169 906 4241 1,
925 4171 949 4238 1,
968 4169 1045 4225 1-4.

231 4259 264 4329 ⁸⁸)
282 4273 359 4316 exce.
378 4259 461 4318 Vina
480 4261 534 4331 ‚att
