3004 4716
726 251 766 319 14

645 343 849 354 Μ

151 489 191 532 να
221 461 354 528 sormam
390 460 604 544 depravatam
643 483 664 526 a
702 461 829 528 Millero
869 461 1028 528 Marciani
1065 459 1193 530 editore
1224 459 1344 550 (Paris.

156 565 252 647 1839)
276 566 309 630 in
325 561 508 657 Γαρούμνα,
531 573 596 635 tum
622 566 829 631 Ptolemaeus
849 566 1015 649 Wilbergii
1033 565 1230 650 (Essendiae
1247 569 1343 648 1838)

153 671 186 735 in
217 690 311 752 quem
341 665 472 762 saprico
502 670 694 754 scripturam
724 676 888 754 receptam
917 669 1015 737 video
1039 672 1086 753 ll,
1119 672 1157 753 4,
1186 691 1282 754 quam
1311 682 1343 738 et

157 775 264 857 ipsam
296 773 464 838 commode
501 772 545 838 ad
580 773 758 856 ,Garunna‘
790 774 924 840 sormam
963 774 1095 858 rediges
1106 773 1158 859 ¹⁷).
1203 781 1340 856 ceterum

155 877 345 962 ,Garumna‘
368 877 530 961 scriptura
554 897 648 960 quem
672 875 715 942 ad
739 877 870 943 modum
896 884 971 943 orta
1002 878 1045 944 sit
1073 879 1283 964 investigare,
1314 880 1341 946 si

154 981 232 1063 quid
256 980 362 1064 video,
386 1001 451 1046 non
481 987 530 1046 est
553 980 693 1048 difficile.
739 981 897 1048 eiusmodi
925 981 1011 1047 enim
1042 983 1190 1066 nominc,
1227 985 1342 1067 quibus

154 1086 195 1169 ,n‘
219 1085 329 1150 littera
352 1085 519 1168 geminata
551 1086 591 1168 ,u‘
615 1085 761 1151 vocalem
786 1087 947 1170 sequitur,
977 1106 1048 1151 cum
1079 1087 1113 1151 in
1138 1085 1263 1152 Celtica
1286 1087 1346 1153 lin·

155 1209 221 1272 gua
244 1209 309 1254 non
333 1205 410 1255 rara
432 1189 617 1256 fuerint-
640 1191 725 1274 quod
751 1189 880 1273 quidem
905 1189 995 1256 sacili
1018 1211 1116 1275 opera
1139 1191 1173 1256 in
1189 1189 1343 1258 Caesaris

156 1287 398 1384 commentariis
432 1294 626 1360 observabis
659 1296 712 1379 (cf.
743 1294 950 1361 Adiatunnus
988 1293 1020 1360 d.
1056 1297 1085 1361 b.
1125 1294 1154 1360 G
1192 1295 1259 1378 III,
1287 1296 1343 1360 22:

155 1397 411 1463 Oonetodunnns
446 1397 522 1480 VII,
553 1401 591 1464 3:
626 1397 792 1465 Geidunni
821 1402 865 1481 V,
896 1400 950 1483 39)
979 1435 1021 1448 -
1056 1399 1231 1466 abhorrent
1266 1399 1343 1484 lere,

159 1502 224 1568 nisi
249 1502 396 1586 ‚cunnus‘
418 1509 451 1568 et
473 1502 801 1588 plebeia',grnnnire‘
823 1503 1048 1585 ,verecunnus‘
1070 1502 1256 1586 similiaque
1278 1503 1344 1570 obi-

97 1629 98 1634 ¹
159 1605 236 1689 cias,
261 1626 282 1670 a
304 1605 408 1671 latino
433 1625 595 1674 sermone:
629 1606 708 1690 quid
732 1606 832 1690 igitur
854 1608 981 1691 mirum,
1009 1606 1036 1673 si
1060 1607 1121 1672 viri
1144 1607 1221 1673 Itali
1244 1608 1343 1674 aliive

154 1711 252 1793 paulo
296 1709 461 1777 doctiores
495 1710 668 1776 latinorum
705 1710 936 1776 vocabulorum
972 1731 1122 1776 maxume
1151 1710 1342 1778 usitatorum

157 1813 328 1898 ,polumna
352 1813 494 1896 alumna,
518 1833 684 1899 aerumna,
707 1815 892 1880 autumnus‘
908 1813 1059 1878 similium
1082 1814 1239 1897 analogia
1261 1834 1342 1880 com·

157 1917 236 1984 moti
259 1917 479 2000 ,Garumnam‘
503 1918 662 2003 scripsere
684 1939 744 2002 pro
767 1917 969 2000 ,Garunna‘?

259 2021 411 2105 Denique
434 2019 612 2106 ,Garonna‘
642 2020 728 2106 quod
753 2020 903 2089 scribitur
931 2023 965 2087 in
995 2020 1105 2088 codice
1128 2021 1342 2107 Frisingensi,

156 2125 232 2192 inde
261 2125 405 2193 conicias
429 2126 628 2210 archetypon
652 2133 875 2210 excerptorum
905 2133 1009 2193 ortum
1036 2145 1109 2192 esse
1136 2125 1170 2192 in
1192 2127 1342 2192 Francici

157 2231 253 2312 regni
270 2231 382 2314 aliqua
393 2237 486 2314 parte
504 2251 541 2297 eo
558 2217 711 2314 tempore,
729 2250 800 2295 cum
820 2231 1006 2297 romanicae
1022 2231 1152 2320 linguae
1171 2231 1238 2297 iam
1254 2231 1343 2296 inva-

157 2335 309 2419 luissent,
341 2356 417 2400 nam
449 2334 483 2399 in
511 2334 561 2400 his
591 2333 784 2419 saepissimo
816 2334 986 2402 transiisse
1016 2335 1057 2417 ,u‘
1086 2336 1235 2402 vocalem
1267 2342 1343 2401 ante

157 2436 375 2506 consonantes
398 2440 430 2504 in
454 2438 494 2524 ‚0‘
517 2459 558 2504 ex
581 2439 888 2533 innumerabilibus
900 2446 1030 2506 constat
1059 2439 1274 2525 exemplis¹⁸l
1312 2439 1343 2504 in

158 2544 268 2611 Gallia
302 2550 389 2611 certe
422 2543 524 2610 fuisse
555 2549 774 2626 pervagatam
807 2544 1016 2628 ,Garonnam‘
1051 2545 1243 2628 scripturam
1279 2542 1342 2606 iarn

157 2649 288 2715 ineunte
312 2647 441 2714 saeculo
466 2653 582 2730 quarto
613 2649 825 2731 comprobare
856 2649 931 2715 lieet
963 2669 1004 2714 ex
1027 2647 1199 2714 itinerario
1230 2645 1343 2711 Hiero·

157 2751 420 2836 solymitan019),
443 2752 532 2834 quod
563 2752 778 2836 conscriptum
809 2759 859 2818 est
887 2750 1098 2818 'Constantini
1122 2750 1235 2833 Magni
1266 2757 1341 2816 tem-

156 2877 235 2942 pore
252 2858 295 2922 ab
311 2856 442 2923 homine
458 2855 632 2940 Aquitano,
655 2857 687 2921 in
712 2877 775 2940 quo
792 2877 832 2923 ex
848 2853 1025 2922 Pithoeani
1049 2854 1173 2921 codicis
1189 2855 1344 2921 omnium·

157 2981 220 3044 que
250 2961 387 3028 aliorum
419 2960 614 3027 auctoritate
644 2961 763 3044 legitur
792 2960 977 3045 ,Garonnat
1023 2981 1120 3043 quarn
1149 2961 1190 3027 ob
1221 2981 1288 3028 rem
1316 2960 1343 3026 si

157 3067 230 3149 quis
247 3065 423 3132 Ausonium
448 3071 480 3132 et
497 3064 726 3150 Symmachum
744 3072 776 3130 et
791 3064 959 3130 Sidonium
977 3065 1209 3150 Apollinarem,
1233 3065 1287 3149 qui
1310 3073 1345 3130 et

157 3243 361 3252 ...ψ-...-

219 3359 248 3428 ¹²)
269 3361 305 3416 de
330 3362 366 3428 ,n‘
390 3359 526 3416 sermonis
550 3358 632 3415 latini
656 3359 749 3416 vacali
773 3376 790 3416 a
813 3359 932 3417 Graecis
950 3362 1035 3418 modo
1053 3361 1082 3417 in
1107 3371 1146 3415 ov
1169 3362 1254 3416 modo
1276 3359 1304 3414 in
1323 3369 1343 3410 v

262 3451 433 3504 commutate
451 3445 486 3502 cf.
506 3446 643 3514 curasan,
669 3447 842 3518 ausspracbe
860 3447 1030 3506 vocalismus
1048 3447 1107 3504 und
1125 3446 1274 3515 betonung
1293 3445 1344 3500 der

262 3532 447 3592 lateiniscben
466 3531 585 3601 sprache
604 3533 737 3604 (Leipzig
755 3534 834 3600 1888)
852 3540 912 3591 tom
940 3536 972 3603 l,
992 3551 1059 3604 pag.
1078 3533 1130 3588 344
1148 3547 1185 3588 ss.
1204 3531 1240 3586 de
1259 3531 1295 3599 ,n‘
1313 3532 1344 3587 li·

262 3623 348 3692 quida
367 3621 441 3678 inter
459 3619 573 3675 vocales
591 3621 678 3712 m'odo
701 3622 786 3677 semel
802 3621 907 3712 'posita
926 3622 1010 3678 modo
1029 3621 1172 3691 geminata
1196 3618 1266 3673 satis
1290 3619 1345 3673 erit

262 3723 441 3780 comparasse
460 3721 565 3776 graeca
583 3715 692 3777 γυννις
714 3714 744 3764 et
771 3717 870 3778 γυνις,
890 3707 978 3764 latina
997 3707 1142 3776 ,Munuius‘
1161 3711 1191 3762 et
1209 3705 1345 3776 ,lluniust

217 3795 246 3864 ¹⁸,
266 3797 301 3853 cl.
321 3794 504 3858 Schuchardt,
525 3794 576 3849 der
588 3795 758 3849 vocalismus
771 3796 822 3850 des
839 3794 1053 3865 vulgbrluteins,
1071 3793 1137 3849 voll.
1151 3793 1199 3848 111.
1214 3793 1345 3864 tLeipnig

267 3884 450 3951 leco-1868)
477 3882 513 3952 ll,
540 3897 604 3951 pag.
634 3880 692 3950 180,
721 3885 750 3936 et
777 3881 856 3950 Diea,
884 3879 1051 3951 grammatik
1079 3881 1129 3938 der
1151 3881 1346 3938 romaniscben

263 3971 401 4040 spracben
422 3971 516 4036 (Bono
536 3969 612 4036 1836)
632 3968 654 4034 Ι,
674 3983 739 4038 pag.
760 3969 817 4024 145.

214 4059 244 4127 ¹⁹)
267 4060 371 4115 editum
389 4073 524 4114 unacum
549 4056 703 4112 Jtinerario
722 4055 860 4112 Antonini
878 4055 1004 4126 Augusti
1027 4055 1253 4128 aWessclingio
1273 4059 1345 4124 (Am-

260 4145 377 4201 stelaed.
398 4146 476 4213 1735)
495 4150 525 4201 et
543 4159 633 4213 nuper
654 4161 671 4200 a
690 4143 825 4200 Parthcio
855 4149 885 4199 et
902 4142 1028 4199 Pindaro
1048 4141 1152 4212 (Berol.
1181 4143 1257 4212 1848)
1276 4157 1343 4212 pag.
